3025 4909
502 701 628 762 Terram
651 702 756 782 purgit
777 702 854 764 totio

503 801 604 882 Atque
628 803 715 863 metit
737 803 842 883 gladio

544 906 590 965 Ex
613 923 714 967 messe
737 904 866 968 zizania.

504 1109 561 1169 Hic
584 1117 631 1170 est
643 1112 796 1189 'magnus
807 1109 989 1188 imperator,
1007 1125 1013 1163 ε

504 1209 581 1271 Boni
604 1208 724 1273 fructus
747 1213 850 1272 bonus
872 1218 959 1272 sator

545 1312 584 1372 Et
607 1312 744 1391 prrrdens
768 1314 918 1393 agricola.

504 1413 652 1475 infideles
675 1412 726 1475 hic
748 1415 913 1487 convertit,

504 1515 598 1589 Fara,
621 1516 699 1577 deos
723 1513 774 1578 hic
792 1517 915 1589 evertit,
1028 1542 1033 1554 ·

544 1617 583 1676 Et
605 1608 775 1698 coniringit
795 1618 892 1681 idota.
925 1606 929 1613 ’
1003 1637 1007 1648 ·
1037 1630 1041 1640 “

506 1819 563 1880 Hic
584 1824 739 1901 superbos
763 1822 873 1883 (icma't
893 1836 995 1901 reges,
1020 1855 1025 1863 ·
1052 1812 1090 1849 '³

505 1921 561 1981 Hic
583 1932 716 2003 regnate
739 1931 854 1985 sacras·
867 1924 952 2020 teges
1037 1911 1054 1944 ³¹

546 2022 632 2083 Fecit
654 2024 879 2099 cumi'astttia3
915 2042 919 2049 ·
968 2037 972 2052 ⁴
1016 2057 1021 2068 .

503 2124 605 2197 Quam
627 2132 731 2186 tuetur
753 2145 793 2186 eo
815 2125 887 2200 fine,

505 2226 544 2287 Ut
566 2234 596 2288 et
617 2226 717 2288 iustus
739 2228 795 2289 sed
820 2247 878 2289 nec
899 2229 967 2289 sine
1083 2237 1086 2244 '

548 2327 592 2389 Sit
614 2328 842 2394 misericordia.
886 2364 890 2370 ·
932 2340 935 2346 '

506 2533 588 2595 Oteo
612 2532 749 2594 laetitiae

506 2636 621 2697 Unctus
645 2637 732 2696 dono
754 2634 912 2715 gratiae*
1013 2659 1038 2674 ἰ

547 2738 668 2797 Exteris
689 2747 748 2815 par
768 2736 907 2817 regibes‘
1012 2729 1028 2765 ‘·

507 2836 870 2917 Cumvcoronasglcriae
969 2868 975 2881 ·
1046 2865 1084 2877 *-

505 2939 677 3001 Maiestatis
698 2939 807 3018 regiae
840 2960 844 2966 “
872 2971 877 2980 ⁴

548 3040 715 3121 insignitur
737 3039 878 3103 fastibus.

505 3245 532 3305 Ο
555 3267 608 3308 rer
632 3246 745 3306 mundi*
763 3243 983 3325 triumphator,

507 3348 575 3408 lesu
599 3344 719 3408 Christe
742 3332 942 3426 corrogator,

507 3449 554 3509 Sis
577 3466 641 3527 pro.
659 3448 749 3509 no'bis
773 3455 933 3515 exorator,
1022 3484 1026 3493 ·

547 3552 660 3611 Sancte
680 3548 773 3631 tiater
795 3550 921 3624 Karate,

506 3650 673 3712 Ernrrndati
696 3670 713 3709 a
737 3650 872 3732 peccatis

506 3754 544 3814 Ut
566 3753 596 3813 in
620 3772 720 3833 regno
744 3752 892 3812 claritatis

509 3853 683 3933 Ncsptebs
707 3862 760 3914 trra
778 3853 852 3914 ‘curtr
876 3856 998 3917 beatis·
1058 3857 1076 3879 ³¹

549 3954 636 4016 tioeii
659 3956 755 4016 sinrrrs
779 3955 930 4019 irrcotae.'

635 4190 955 4201 ...om-...a-
