3025 4909
268 474 318 547 30
706 470 934 545 ElNHARDl

265 669 418 743 fortuitu
454 670 627 743 incendio
665 668 935 767 conflagravit,
973 680 1033 766 ut,
1072 681 1226 768 praeter
1260 674 1361 769 quod

265 792 362 867 aqua
389 775 611 867 tegebatur,
638 792 687 842 ne
714 796 789 843 una
816 770 970 867 quidem
995 771 1146 844 hastula
1170 794 1218 845 ex
1236 794 1283 845 eo
1301 794 1361 845 re·

264 880 448 943 maneret.
500 871 586 968 lpse
614 894 764 969 quoque
793 893 880 943 curn
907 870 1080 945 nltimam
1097 870 1136 942 in
1153 871 1359 945 Saxoniam

265 970 544 1068 expeditionem
565 982 693 1044 contra
713 971 971 1068 Godofridum,
997 994 1132 1066 regem
1149 972 1359 1068 Danorum,

263 1080 407 1167 ageret,
427 1073 590 1169 quadam
609 1072 681 1169 die,
706 1096 791 1145 curn
812 1082 900 1144 ante
920 1082 1092 1145 exortum
1112 1072 1203 1145 solis
1222 1072 1358 1145 castris

263 1194 465 1268 egressus,
492 1172 564 1245 iter
591 1196 707 1269 agere
727 1172 935 1269 coepisset,
962 1171 1054 1245 vidit
1078 1182 1237 1269 repente
1257 1172 1358 1246 dela·

260 1296 372 1369 psam
400 1271 556 1345 caelitus
585 1296 671 1344 cum
698 1272 843 1369 ingenti
869 1274 1011 1345 lumine
1040 1274 1165 1344 facem
1184 1297 1205 1345 a
1225 1276 1355 1346 dextra

260 1371 298 1442 in
319 1371 511 1445 sinistram
538 1396 609 1469 per
635 1396 816 1445 serenum
843 1397 933 1445 aera
959 1383 1239 1469 transcurrere,
1267 1397 1358 1445 cun-

150 1552 154 1559 ,
259 1471 405 1569 ctisque
424 1474 497 1545 hoc
512 1474 675 1569 signum,
695 1473 782 1569 quid
797 1477 1052 1569 portenderet,
1071 1473 1356 1571 admirantibus,

261 1573 383 1645 subito
399 1596 519 1670 equus
534 1572 687 1669 quem⁷8
706 1576 875 1669 sedebat,
895 1574 1018 1671 capite
1033 1578 1212 1648 deorsum
1226 1597 1355 1647 merso

258 1672 415 1765 decidit,
456 1697 620 1771 eumque
660 1684 738 1745 tam
779 1674 946 1770 graviter
985 1678 1031 1747 ad
1063 1686 1206 1747 terram
1241 1674 1354 1771 elisit,

257 1782 300 1844 ut
325 1770 438 1845 fibula
467 1773 550 1869 sagi
585 1783 693 1869 rupta
720 1774 921 1871 balteoque
947 1774 1061 1870 gladii
1088 1774 1291 1872 dissipato,
1330 1798 1353 1848 a

257 1872 524 1946 festinantibus
544 1873 607 1970 qui
626 1876 784 1946 aderant
802 1875 984 1947 ministris
1012 1886 1248 1972 exarmatuS,
1277 1899 1353 1947 non

258 1972 341 2045 sine
368 1972 632 2068 amminiculo,
659 1973 859 2047 levaretur.
913 1975 1081 2047 laculum
1110 1975 1225 2047 etiam
1253 1978 1353 2073 quod

253 2081 346 2145 tunc
371 2074 466 2145 forte
493 2079 806 2166 manutenebat,
839 2074 889 2146 ita
922 2076 1096 2172 elapsum
1128 2086 1208 2168 est,
1234 2085 1275 2146 ut
1299 2076 1352 2146 vi·

254 2172 348 2269 ginti
374 2174 436 2245 vel
463 2198 509 2245 eo
536 2174 697 2271 amplius
725 2177 866 2272 pedum
900 2176 1030 2270 spacio
1055 2176 1171 2270 longe
1198 2174 1352 2247 iaceret.

252 2274 427 2346 Accessit
445 2277 490 2346 ad
510 2276 582 2346 hoo
602 2279 733 2347 creber
750 2274 940 2371 Aquensis
968 2275 1094 2371 palatii
1119 2284 1284 2369 tremor,
1313 2285 1353 2346 et
1487 2295 1488 2350 3

252 2372 291 2445 in
318 2375 488 2447 domibus
517 2376 577 2447 ubi
610 2380 905 2448 conversabatur
936 2375 1111 2449 assiduus
1142 2374 1352 2473 laqueario·
1487 2383 1488 2390 ’

252 2498 339 2546 rum
368 2474 554 2571 crepitus,
582 2486 681 2547 tacta
711 2476 825 2547 etiam
845 2479 890 2547 de
910 2477 1037 2571 coelo,
1063 2477 1100 2547 in
1121 2500 1194 2574 qua
1213 2486 1350 2574 postea

253 2574 426 2670 sepultus
446 2586 517 2671 est,
546 2576 712 2671 basilica,
736 2576 955 2672 malumque
975 2600 1145 2672 aureum,
1166 2600 1239 2675 quo
1258 2576 1350 2649 tecti

170 2744 173 2747 .
253 2676 402 2746 culmen
430 2685 510 2746 erat
536 2686 731 2771 ornatum,
765 2676 840 2748 ictu
867 2675 1034 2748 fulminis
1059 2677 1283 2775 dissipatum
1312 2686 1351 2749 et

252 2798 367 2871 supra
395 2777 547 2847 domurn
588 2775 798 2873 pontificiS,
831 2800 929 2873 quae
963 2776 1141 2849 basilicae
1169 2778 1348 2873 contigua

251 2886 350 2971 erat,
386 2875 597 2972 proiectum
625 2887 693 2949 est.
770 2879 860 2949 Erat
891 2876 930 2947 in
965 2880 1099 2950 eadem
1126 2877 1281 2949 basilica
1308 2878 1347 2949 in

249 2974 423 3070 margine
444 2999 627 3072 coronae,
655 3000 751 3073 quae
777 2976 875 3050 inter
894 2977 1111 3074 superiores
1132 2987 1170 3048 et
1195 2976 1347 3049 inferio·

248 3098 311 3147 res
338 3098 449 3148 arcus
476 3076 693 3149 interiorem
721 3076 826 3150 aedis
852 3087 1001 3173 partem
1030 3076 1240 3173 ambiebat,
1268 3076 1346 3174 epi-

247 3200 421 3273 gramma
441 3176 651 3275 sinbpide⁷⁹
677 3178 874 3276 scriptum,
894 3177 1092 3251 continens
1113 3177 1195 3274 quis
1215 3187 1347 3249 auctor

249 3286 353 3348 esset
379 3275 549 3349 eiusdem
577 3279 729 3374 templi,
758 3278 864 3349 cuius
892 3278 929 3349 in
957 3288 1126 3350 extremo
1153 3301 1264 3351 versu
1291 3278 1345 3350 le·

246 3378 425 3471 gebatur:
451 3394 625 3449 KAROLUS
646 3393 834 3449 euincere.
895 3378 1074 3450 Notatum
1112 3388 1172 3449 est
1205 3402 1227 3450 a
1263 3377 1344 3476 qui·

244 3478 425 3572 busdam,
467 3479 601 3548 eodem
642 3501 715 3573 quo
756 3478 924 3551 decessit
958 3501 1056 3549 anno
1088 3477 1221 3574 paucis
1254 3489 1343 3552 ante

244 3586 408 3647 mortem
428 3577 636 3670 mensibuS,
664 3600 730 3648 eas
750 3601 847 3672 quae
873 3591 1051 3648 PRthttrs
1082 3578 1343 3674 exprimebant

243 3673 403 3771 litteras,
431 3675 481 3748 ita
510 3700 598 3749 esse
625 3674 822 3772 deletas⁸⁰,
851 3686 891 3748 ut
916 3675 1068 3773 penitus
1088 3702 1164 3750 non
1184 3702 1341 3777 appare·

242 3872 295 3949 78)
327 3874 388 3951 „de
420 3893 497 3959 equo
532 3893 620 3954 quem
646 3875 793 3949 sedebat,
827 3895 896 3937 com
923 3876 1090 3939 uelocitate
1117 3878 1339 3941 descendeoa.“

242 3957 312 4019 vna
335 3960 365 4021 S.
390 3957 623 4036 Wandregiseli
647 3977 729 4022 saec.
751 3956 819 4021 Vll.
852 3978 920 4039 cap.
943 3963 973 4024 7.
996 3961 1028 4020 in
1051 3958 1276 4025 Mantuanis
1300 3959 1337 4021 0.

241 4038 273 4104 S.
297 4042 331 4103 ll.
359 4039 449 4104 Saea.
472 4040 508 4103 ll.
537 4058 568 4120 p.
591 4041 662 4103 528.
705 4040 814 4118 „Ouio
840 4044 1019 4122 expeditam
1049 4062 1157 4124 equum
1183 4043 1338 4107 sidebot.“

242 4121 424 4187 chronicon
454 4121 685 4185 Salernitanum
715 4125 746 4184 in
778 4124 916 4190 bionum.
947 4126 1052 4192 Germ.
1082 4126 1134 4188 SS.
1163 4126 1198 4189 T.
1226 4125 1279 4189 tv.
1306 4132 1338 4188 et

239 4206 386 4269 Ermoldi
407 4206 520 4285 Nigelli
540 4206 561 4272 l.
584 4206 633 4271 lll.
654 4228 684 4271 v.
706 4210 769 4273 565
792 4219 823 4271 et
850 4211 922 4276 596.
1022 4209 1074 4291 to)
1098 4208 1207 4272 coloro
1228 4210 1340 4274 rubro.

241 4289 294 4373 80]
318 4288 359 4355 of.
380 4290 464 4353 Suet.
487 4291 566 4371 Aug.
589 4308 615 4354 c.
638 4292 689 4355 97.
