3025 4909
264 430 288 501 8
394 422 396 429 '
657 414 661 423 '
701 430 927 503 urnulam

367 634 399 701 7.
453 630 540 703 Post
568 630 673 703 onius
706 630 822 703 tinem
850 632 1100 731 Saxonicum,
1127 639 1223 732 quod
1246 639 1354 734 quasi

264 727 521 803 intermissum
541 729 754 825 videbatur,
782 732 984 828 repetitum
1002 744 1082 830 est3
1110 759 1183 833 quo
1210 738 1353 809 nullum

263 853 387 927 neque
416 831 592 928 prolixius
621 854 745 928 neque
774 832 938 905 atrocius
956 834 1262 935 Francorumque
1289 864 1352 936 po·

264 931 350 1029 pulo
369 932 592 1005 laboriosius
613 942 835 1030 susceptum
855 942 927 1027 est,
947 933 1032 1029 quia
1051 936 1236 1035 Saxones,
1257 940 1354 1012 sicut

262 1055 396 1105 omnes
416 1033 496 1106 fere
516 1032 760 1107 Germaniam
779 1032 988 1107 incolentes
1009 1036 1202 1134 nationes,
1231 1050 1269 1111 et
1287 1065 1352 1111 na·
1506 1123 1507 1128 ,

262 1143 345 1205 tura
364 1134 526 1232 feroces⁷
546 1143 583 1207 et
603 1133 716 1207 cultui
731 1135 960 1205 daemonum
977 1136 1102 1232 dediti,
1122 1150 1351 1237 nostraeque
1482 1195 1484 1200 .

262 1234 433 1331 religioni
453 1235 641 1330 contrarii,
660 1257 784 1331 neque
803 1234 927 1307 divina
947 1260 1070 1333 neque
1085 1238 1250 1311 humana
1270 1240 1349 1313 iura

262 1336 322 1407 vel
358 1337 527 1434 polluere
572 1336 633 1408 vel
671 1334 885 1431 transgredi
921 1336 1163 1410 inhonestum
1199 1341 1351 1413 arbitra»

262 1440 405 1509 bantur.
459 1438 646 1511 Suberant
678 1445 714 1508 et
745 1459 886 1508 causae
918 1462 1015 1533 quae
1048 1439 1183 1512 cotidie
1215 1465 1348 1538 pacem

261 1541 484 1610 conturbare
503 1546 690 1636 poterant⁷
717 1536 867 1608 termini
885 1538 1062 1612 videlicet
1079 1540 1196 1614 nostri
1216 1552 1254 1614 et
1271 1542 1350 1615 illo-

260 1662 342 1709 rum
364 1662 484 1736 paene
504 1637 640 1736 ubique
659 1637 696 1708 in
715 1636 828 1734 plano
847 1638 1033 1735 contigui,
1058 1651 1211 1738 praeter
1229 1667 1348 1740 pauca

259 1738 363 1835 loca,
390 1739 426 1811 in
455 1739 588 1836 quibus
621 1738 681 1810 vel
709 1737 827 1810 silvae
861 1738 1045 1834 maiores,
1082 1742 1140 1815 vel
1165 1745 1349 1817 montium

259 1838 348 1938 iuga
367 1840 560 1913 interiecta
586 1849 832 1935 utrorumque
860 1864 974 1937 agros
1000 1852 1102 1914 certo
1130 1842 1247 1916 limite
1276 1847 1348 1917 dis·

260 1940 475 2037 terminant,
515 1940 551 2012 in
584 1940 718 2038 quibus
751 1943 889 2014 caedes
921 1951 958 2013 et
984 1942 1139 2040 rapinae
1163 1944 1265 2019 vel¹⁸.
1295 1937 1348 2017 iir-

259 2042 391 2115 cendia
424 2041 590 2115 vicissim
615 2039 696 2113 fieri
722 2063 796 2111 non
823 2032 1045 2138 c'essabant5
1086 2044 1219 2142 quibus
1252 2049 1346 2134 adeo

257 2143 388 2216 Franci
409 2153 496 2215 sunt
513 2141 643 2231 irritati
655 2138 678 2239 7*
694 2149 734 2213 ut
751 2166 825 2212 non
845 2140 920 2214 iam
942 2142 1237 2218 vicissitudinem
1264 2149 1355 2219 red·-

258 2247 380 2341 dere,'
408 2247 474 2317 sed
507 2252 679 2341 apertum
719 2252 848 2313 contra
879 2237 948 2315 'eos
980 2244 1117 2317 bellum
1151 2246 1346 2344 suscipere

258 2344 412 2443 dignum
431 2344 647 2417 iudicarent.
701 2342 928 2440 Susceptum
949 2354 1009 2417 est
1026 2345 1138 2441 igitur
1163 2350 1345 2434 adversus

259 2471 326 2519 eos
346 2446 500 2542 bellum,
527 2448 625 2542 quod
645 2467 786 2540 magna
806 2443 993 2543 utrimque
1012 2447 1266 2545 animositate
1292 2459 1346 2521 ta·

257 2571 346 2620 men
378 2545 521 2619 maiore
553 2544 744 2618 Saxonum
773 2569 887 2641 quarn
912 2543 1140 2638 Francorum
1167 2552 1345 2648 dampno,

255 2672 326 2747 per
345 2646 540 2720 continuos
567 2645 716 2741 triginta
744 2654 823 2717 tres
852 2670 971 2718 annos
999 2652 1210 2743 gerebatur.
1242 2649 1360 2740 *Pet-N

256 2760 338 2822 erat
355 2747 540 2847 siquidem
560 2746 666 2818 citius
686 2743 796 2841 finiri,
824 2746 856 2819 si
876 2746 1067 2821 Saxonum
1096 2751 1170 2823 hoc
1189 2751 1344 2847 perfidia

255 2858 457 2948 pateretur.
509 2845 667 2921 Difficile
699 2846 799 2919 dictu
827 2857 903 2945 est,
931 2848 1078 2947 quoties
1106 2853 1272 2949 superati
1299 2878 1343 2925 ao

255 2950 445 3049 supplices
476 2949 557 3046 regi
589 2972 631 3022 sc
672 2948 914 3044 dediderunt,
961 2948 1145 3048 imperata
1178 2952 1340 3025 facturos

254 3052 407 3149 polliciti
427 3060 533 3145 sunt,
561 3049 711 3123 obsides
734 3049 795 3146 qui
815 3050 1098 3147 imperabantur
1123 3055 1265 3150 absque
1292 3055 1342 3127 di·

251 3153 391 3227 latione
410 3154 614 3246 dederunt,
640 3150 788 3246 legatos
808 3151 869 3248 qui
895 3151 1138 3224 mittebantur
1164 3177 1341 3252 suscepe·

253 3265 357 3349 runt,
398 3250 596 3349 aliquoties
628 3250 677 3322 ita
711 3250 840 3323 domiti
873 3262 910 3323 et
941 3253 1112 3349 emolliti‚
1154 3264 1194 3325 ut
1225 3255 1340 3341 etiam

220 3369 222 3372 ’
254 3356 394 3427 cultum
412 3356 640 3427 daemonum
659 3351 848 3425 dimittere
867 3361 904 3423 et
924 3352 1150 3425 christianae
1170 3355 1341 3453 religioni

252 3480 294 3531 se
318 3459 479 3530 subdere
502 3454 602 3527 velle
628 3452 907 3551 promitterent:
956 3456 1022 3526 sed
1051 3454 1147 3527 sicut
1171 3459 1217 3529 ad
1245 3459 1340 3531 baec

251 3557 423 3631 facienda
443 3554 639 3654 aliquoties
660 3552 779 3651 proni,
799 3553 854 3625 sic
872 3555 918 3625 ad
935 3558 1070 3627 eadem
1090 3562 1338 3653 pervertenda

155 3686 159 3691 ·
252 3657 529 3758 semporfuere
545 3654 785 3754 praecipites,
797 3638 878 3734 inon
898 3653 947 3727 sit
966 3665 1004 3727 ut
1019 3656 1110 3729 satis
1123 3658 1338 3754 aestimare,

251 3763 298 3835 ad
338 3770 464 3833 utrum
503 3759 637 3830 horum
680 3754 868 3857 faciliores
912 3755 1036 3853 verius
1073 3758 1143 3831 dici
1180 3758 1346 3857 possintl

251 3862 389 3962 quippe
422 3882 507 3931 com
539 3866 625 3955 post
655 3852 874 3928 inchoatum
906 3880 990 3928 curn
1024 3858 1079 3931 eis
1106 3860 1244 3933 bellum
1266 3862 1336 3931 'vix

251 3965 347 4038 ullus
362 3984 484 4035 annus
500 3968 654 4031 exactus
677 3957 737 4054 sit,
757 3982 831 4056 quo
846 3981 921 4029 non
936 3961 982 4030 ab
998 3958 1055 4033 eis
1079 3959 1336 4033 huiuscemodi

165 4162 168 4167 ⁴
251 4102 299 4185 18)
323 4100 372 4162 ool
392 4117 409 4161 a
432 4096 637 4177 scriptoribus
660 4092 754 4155 huins
776 4094 845 4155 aevi
874 4094 987 4156 eadem
1015 4094 1245 4175 significatione
1277 4117 1337 4176 qna

249 4195 277 4249 et
302 4189 476 4265 usurpatur.
