3025 4909
587 474 860 548 PRAEFATIO.
1228 459 1277 526 Ν

176 676 318 748 iusdam
345 674 573 768 psalterium,
601 676 698 771 quod
727 678 763 747 in
790 674 998 751 bibliotheca
1019 674 1185 747 Bobiensi
1211 698 1265 744 re·

178 782 350 871 censetur,
377 782 501 847 nostro
527 775 795 871 adscripserint.
832 776 931 865 Ouae
957 798 1038 851 ocro
1058 775 1187 869 edidit,
1212 777 1264 845 ita

178 882 395 970 comparata
425 884 522 969 sunt,
561 882 601 947 ut
625 880 860 972 praecipuum
894 879 926 948 ei
956 880 1046 951 inter
1075 876 1265 948 historicos

178 978 294 1050 iocum
334 976 533 1072 odsipneat.
586 976 738 1070 Scripsit
769 980 859 1049 enim
889 1001 1034 1052 summa
1055 980 1265 1071 intepritate

181 1079 311 1171 anirni,
338 1101 410 1149 non
438 1084 560 1149 cetera
586 1084 619 1149 et
637 1077 774 1172 atiena,
800 1077 866 1150 sed
888 1082 1028 1172 tempus
1051 1102 1175 1171 suurn,
1202 1077 1267 1147 sed

180 1180 352 1273 amicum,
391 1200 455 1249 nec
485 1180 587 1249 docte
613 1184 773 1272 tantum,
812 1177 877 1250 sed
906 1184 944 1250 ut
972 1180 1084 1273 isqui
1108 1183 1265 1249 aetatem

179 1281 214 1351 in
246 1278 451 1372 republica
477 1278 768 1350 administranda
796 1281 1076 1352 consumsisset·
1111 1279 1267 1356 Litteras

180 1380 341 1451 Graecas
373 1401 484 1472 aeque
516 1403 560 1449 ac
590 1378 780 1451 Romanas
810 1378 934 1471 cotuit,
974 1386 1007 1450 et
1037 1403 1081 1450 eu
1111 1380 1266 1473 antiquis

179 1503 250 1551 non
268 1485 407 1550 tantum
426 1479 613 1550 historicos
632 1485 666 1550 et
680 1485 820 1572 poetas,
839 1478 1121 1571 mathematicos,
1144 1502 1266 1573 pranc-

180 1582 332 1651 maticos
361 1585 395 1649 et
425 1578 600 1669 rhetores,
648 1579 712 1651 sed
740 1579 866 1650 Patres
899 1582 1006 1653 etiam
1042 1587 1075 1651 et
1103 1582 1160 1651 sui
1187 1580 1267 1649 aeoi

165 1682 372 1774 ‚scriptores
403 1679 495 1774 tepit.
549 1680 703 1774 Cumque
727 1682 897 1774 temporis
920 1682 977 1752 sui
1002 1683 1157 1753 virorum
1178 1703 1266 1777 pru-

181 1780 406 1853 dentissimus
439 1786 474 1850 ct
508 1780 733 1852 doctissimus
767 1782 977 1874 irrideretur,
1016 1783 1264 1853 commercium
1370 1829 1372 1832 -

181 1883 256 1953 eius
292 1905 315 1951 a
350 1880 531 1952 iuuenibus
554 1883 723 1979 optimae
758 1880 889 1952 indotis
924 1884 1113 1976 ecpetitum
1143 1883 1265 1971 tuisse,

179 1976 287 2066 facile
317 1982 418 2053 nobis
444 1981 751 2075 persuadebimus.
803 1982 959 2076 Lupum,
999 1982 1266 2053 Ferrariensem

175 2088 307 2176 postea
331 2081 515 2175 abbatem,
542 2083 602 2177 qui
626 2080 841 2153 erudiendus
864 2084 899 2153 in
925 2083 1156 2154 Germaniam
1184 2083 1267 2153 mis-

180 2206 243 2254 sus
273 2182 410 2274 tuerat,
443 2184 676 2275 praecipuum
704 2182 876 2254 cultorem
901 2182 1047 2273 berbuit3
1075 2204 1153 2253 cum
1171 2180 1267 2252 Iiber-

181 2283 301 2376 bano,
324 2281 551 2354 Futdensium
579 2288 662 2352 tunc
689 2284 858 2374 temporis
880 2283 1032 2372 abbate,
1058 2304 1159 2376 quem
1181 2302 1268 2374 pro-

178 2388 259 2477 pter
284 2383 469 2455 doctrinae
495 2384 636 2474 copiam
669 2388 703 2452 et
731 2404 870 2452 morum
901 2382 1114 2473 probitatem
1145 2383 1270 2473 recapni

180 2483 477 2575 fecit,societate
501 2482 670 2553 continua
695 2484 836 2557 iunctus
862 2487 963 2572 erat,
991 2506 1070 2553 curn
1103 2506 1144 2553 eo
1172 2482 1269 2553 bitrti·

181 2583 328 2656 otbecae
356 2605 446 2654 sanc
477 2580 684 2676 catatoqum
716 2584 1060 2676 communicaverat,
1098 2585 1129 2652 ei
1159 2581 1268 2653 tibros

182 2682 439 2776 commodavit,
480 2681 644 2769 cilitium
669 2685 809 2753 unicum
842 2682 1025 2755 Vussinum
1053 2684 1211 2754 moribus
1237 2689 1270 2752 et

75 2842 78 2853 .
121 2790 122 2795 ’
183 2785 348 2857 doctrina
367 2782 600 2869 formandum
629 2788 663 2853 et
680 2782 894 2854 monachum
914 2783 1146 2855 erudiendum
1174 2807 1270 2855 com-

183 2887 285 2957 misit.
337 2885 473 2956 turmae
491 2886 617 2977 etiam,
644 2882 872 2981 dulcissimae
898 2886 1059 2977 sororis,
1085 2886 1271 2957 contuber-

184 2988 243 3057 nio
268 3008 333 3077 pcr
366 2985 504 3080 otiquot
532 3007 647 3056 annos
675 2987 823 3078 penisus
851 2991 920 3074 est,
948 3008 1056 3081 quam
1084 2986 1172 3056 onni
1196 2988 1270 3059 836

176 3086 282 3157 'initio
315 3085 520 3171 defunctam
547 3083 639 3155 adeo
666 3083 772 3176 tacit,
799 3091 838 3156 ut
863 3091 973 3156 totum
1002 3086 1098 3180 quod
1121 3085 1189 3156 sibi
1213 3108 1271 3155 su·

183 3190 338 3279 peresset
357 3185 513 3278 dierum,
540 3186 576 3256 in
604 3208 768 3257 moerore
791 3184 1061 3280 transipendum
1087 3190 1270 3256 statueret.

185 3286 288 3359 tilam
308 3288 525 3378 meminisse,
554 3283 652 3355 ittam
679 3287 802 3357 intimo
829 3285 939 3358 eorde
966 3284 1150 3379 arrrpteoti,
1177 3284 1268 3357 iilius

184 3411 223 3460 sc
255 3386 354 3479 apud
378 3388 489 3459 Deum
521 3386 771 3465 intercessioni,
793 3385 1061 3477 commendare,
1089 3387 1196 3455 unica
1224 3388 1272 3456 oi·

139 3563 141 3567 ,
185 3488 296 3559 ventis
323 3486 504 3579 uoluptas,
541 3488 681 3557 unicum
713 3488 896 3557 morientis
925 3486 1086 3557 sotamen
1112 3486 1202 3578 fuit,
1236 3488 1272 3558 in

184 3588 274 3661 baec
318 3594 400 3658 oota
444 3589 603 3659 animam
642 3586 807 3681 Creatori
848 3585 996 3658 reddere
1034 3586 1272 3678 disposuerat.

187 3688 280 3760 Obiit
311 3710 345 3758 a.
377 3686 410 3756 d.
443 3691 475 3760 8.
509 3686 586 3759 Kat.
612 3681 782 3782 dupusti,
809 3710 906 3758 anno
937 3690 1023 3760 844.
1076 3686 1213 3781 Corpus
1236 3690 1272 3758 in

185 3788 333 3861 ecclesia
361 3785 661 3880 Setipenstadensi
686 3787 882 3880 sepultum,
918 3788 1017 3883 eique
1041 3786 1109 3859 boc
1135 3812 1158 3857 a
1176 3787 1273 3859 Rbo-

185 3890 281 3962 bano
301 3886 516 3983 epitaphium
536 3889 756 3981 adscriptum
775 3895 847 3961 est:

235 3990 287 4063 Te
306 3998 393 4088 peto
414 3985 475 4085 qui
495 3987 566 4059 hoc
585 3989 768 4087 templum
787 3988 1017 4086 ingrederis,
1045 4012 1093 4059 ne
1113 3990 1272 4061 nos'cera

1001 4112 1163 4186 spernas
1184 4099 1274 4161 tneo

286 4190 382 4279 Quid
400 4190 506 4262 locus
525 4186 586 4260 hic
604 4188 753 4286 habeat,
772 4188 932 4287 quidque
950 4199 1086 4263 tenens
1107 4213 1178 4261 mo.

236 4291 413 4366 Conditus
434 4314 523 4365 ecoe
544 4290 641 4363 iacet
659 4291 803 4363 tumulo
822 4290 879 4363 vir
897 4291 1031 4365 nobilis
1051 4290 1138 4384 isto,
