3025 4909
250 454 305 530 90
373 552 385 579 0
684 450 913 531 urunt-nm
984 471 988 477 '

251 677 344 731 nem
360 656 613 732 honestatem
642 654 789 733 erudiri
807 657 928 733 iussit.
996 658 1050 731 Ex
1074 651 1145 732 'nis
1174 654 1350 736 omnibus

249 762 350 833 <tuos
370 767 515 831 tantum
535 757 632 833 filios
656 770 696 833 et
711 783 830 831 unam
855 758 993 855 tiliam⁷
1021 759 1240 859 priusquam
1270 784 1350 835 mo·

252 869 424 953 teretur,
452 859 596 959 amisit,
622 860 823 957 Karolum,
851 860 914 957 qui
934 860 1055 932 maior
1072 871 1162 933 natu
1182 873 1284 958 erat,
1312 872 1351 935 et

252 958 473 1058 Pippinum,
497 985 627 1058 ’quem
669 984 804 1059 regem
835 960 971 1033 -ltaliac
1012 961 1266 1061 praefecerat,
1314 973 1353 1036 et

252 1062 537 1157 Hruorlrudem‚
565 1086 662 1161 quae
680 1060 843 1134 filiarum
868 1058 950 1133 eius
969 1060 1244 1159 primogenita,
1273 1073 1352 1135 eta

252 1156 526 1258 Constantino,
567 1162 799 1235 Graecorum
827 1162 1073 1260 imperatore,
1117 1164 1352 1261 desponsata

253 1274 350 1335 crat.
403 1260 572 1349 Quorum
599 1261 779 1361 Pippinus
807 1285 924 1334 unum
950 1260 1069 1333 filium
1096 1286 1209 1335 suum
1235 1263 1351 1336 nem

254 1364 432 1459 handum,
450 1360 547 1435 filias
568 1374 694 1435 autem
715 1363 891 1461 quinque,
911 1353 1170 1460 Auellanam,
1187 1364 1352 1462 Atulam,

255 1465 504 1561 Guntrarlam,
532 1464 787 1559 Berthaidem,
815 1487 861 1535 ac
886 1460 1353 1562 Theoderadam,.super·

254 1565 370 1639 stites
389 1562 547 1662 reliquit.
602 1565 641 1637 ln
661 1564 793 1663 quibus
821 1587 887 1637 rex
911 1563 1062 1662 pietatis
1089 1588 1182 1638 suae
1209 1564 1354 1662 praeci

257 1688 377 1764 puum
405 1667 672 1737 documentum
700 1664 884 1757 ostendit,
919 1688 1027 1761 cum,
1060 1664 1135 1737 filio
1164 1666 1354 1762 defuncto⁷

258 1774 440 1863 nepotem
460 1765 554 1863 patri
575 1768 795 1862 succedere,
822 1777 860 1838 et
878 1776 1013 1863 neptes
1031 1765 1130 1838 inter
1145 1764 1243 1839 filias
1262 1788 1354 1840 suas

256 1865 415 1939 educari
450 1865 615 1939 lecisset.
680 1868 821 1939 Mortes
853 1864 1016 1938 filiorum
1048 1889 1094 1938 ao
1127 1864 1247 1961 filiae,
1286 1888 1355 1965 pro

260 1966 574 2063 magnanimitate
586 1990 659 2065 qua
669 1968 890 2064 excellebat,
903 1965 1013 2039 nimis
1022 1964 1245 2065 patienter³6
1259 1966 1356 2063 tulit,

259 2067 403 2165 pietate
442 2066 634 2165 videlicet,
679 2092 753 2167 qua
793 2092 867 2140 non
909 2066 1034 2140 minus
1067 2066 1227 2164 insignis
1262 2077 1356 2161 erat,

257 2166 484 2265 compulsus
511 2170 556 2239 ad
585 2168 773 2241 lacrimas.
823 2169 1000 2240 Nuntiato
1026 2166 1145 2240 etiam·
1166 2166 1236 2240 sibi
1256 2166 1382 2239 edm

259 2268 327 2341 ani
345 2268 504 2340 Romani
523 2267 710 2367 pontificis
738 2268 861 2366 obitu,
889 2292 1003 2367 quem
1029 2267 1066 2339 in
1093 2268 1223 2341 amicis
1249 2290 1358 2381 prae·

260 2370 417 2467 cipuum
444 2369 628 2467 hahebat,
669 2370 724 2443 sic
750 2369 874 2467 flevit,
915 2380 955 2452 ut
989 2367 1106 2441 filium
1135 2379 1199 2441 aut
1226 2391 1257 2441 er
1284 2368 1358 2441 lra-

260 2480 363 2543 trem
390 2470 583 2543 amisisset
609 2470 859 2544 carissimum.
895 2472 984 2542 Erat
1002 2470 1103 2542 enim
1128 2468 1358 2542 inamicitiis

260 2570 407 2668 optime
435 2581 689 2668 temperatus,
732 2565 865 2643 ut'eas
901 2580 939 2642 et
965 2570 1076 2643 facile
1103 2568 1359 2643 admitteretll

261 2682 305 2745 et
349 2671 656 2745 constantissime
697 2670 895 2766 retineret7
940 2670 1161 2769 colebatque
1201 2670 1360 2745 sanctis·

261 2772 364 2845 sime
405 2794 663 2874 quoscumque
702 2774 775 2844 hac
815 2770 1007 2844 adfinitate
1046 2772 1115 2844 sibi
1155 2772 1360 2843 coniunxe-

265 2882 362 2944 rat·
404 2872 579 2945 Filiorum
621 2894 665 2945 ao
703 2870 865 2944 filiarum
904 2882 1048 2943 tantam
1083 2871 1122 2942 in
1164 2872 1358 2944 educando

261 2991 398 3045 euram
418 2972 565 3069 habuitq
594 2983 634 3046 ut
652 2997 859 3070 numquam
878 2972 978 3045 domi
996 2970 1143 3070 positus
1163 2971 1246 3043 sine
1264 2970 1360 3071 ipsis

262 3072 495 3165 caenaretffi,
522 3098 728 3171 numquam
747 3074 819 3147 iter
838 3072 919 3146 sine
937 3072 1009 3145 illis
1029 3081 1181 3169 ageret:
1210 3066 1362 3169 alequi

264 3178 398 3247 tabant
417 3174 451 3271 ei
469 3166 548 3271 filii,
567 3175 666 3249 filiae
685 3198 776 3247 vero
795 3197 895 3271 pene
914 3178 1182 3271 sequebantur,
1201 3194 1360 3269 quarum

262 3296 409 3373 agmen
428 3284 640 3348 extremum
660 3300 706 3349 ex
725 3275 929 3348 satellitum
948 3296 1108 3347 numero
1135 3274 1181 3345 ad
1210 3274 1285 3345 lroc
1304 3294 1362 3345 or·

265 3375 385 3449 (linati
412 3379 622 3466 tuebantur.
677 3368 784 3463 Quam
813 3399 898 3448 cum
925 3374 1203 3473 pulcherrimae
1231 3382 1364 3447 essent

266 3486 309 3549 et
327 3480 372 3547 ab
393 3499 438 3550 eo
458 3476 660 3573 plurimum
680 3476 938 3573 diligerentura
966 3475 1102 3546 mirum
1122 3473 1236 3570 dictu⁷
1263 3474 1361 3571 quod

268 3576 413 3649 nullam
434 3601 565 3650 earum
585 3576 760 3674 cuiquam
785 3587 849 3647 aut
875 3599 1032 3649 suorum
1058 3585 1123 3646 aut
1147 3586 1363 3649 exterorum

270 3687 429 3775 nuptum
457 3678 546 3751 dare
577 3678 709 3772 voluit3
750 3679 817 3750 sed
846 3698 980 3749 omnes
1008 3700 1142 3748 secum
1169 3674 1363 3773 usquead

266 3778 413 3849 obitum
433 3800 543 3853 suum
563 3778 600 3850 in
628 3782 739 3851 domo
767 3800 837 3849 sua
855 3776 1027 3872 retinuit7
1054 3776 1203 3871 dicens,
1231 3797 1274 3846 se
1302 3796 1365 3845 ea·

268 3900 356 3953 rum
384 3879 627 3951 contubernio
663 3901 793 3950 carere
826 3900 901 3949 non
937 3900 1063 3976 posse.
1132 3878 1185 3949 Ac
1211 3884 1366 3972 propter

269 3978 358 4075 hoc,
384 3978 474 4051 licet
492 3978 714 4076 alias³lelix⁷
742 3980 927 4051 adversae
954 3978 1130 4051 fortunae·
1154 3974 1367 4071 malignita-

266 4088 351 4151 tem
371 4089 550 4179 expertus
571 4088 650 4175 est3
680 4082 777 4178 quod
796 4090 926 4155 tamen
953 4079 1005 4152 ita
1023 4076 1293 4171 dissimulavit,
1322 4098 1368 4147 ac

266 4213 386 4360 oppda.
410 4216 494 4365 sequ
519 4204 597 4297 lug.
621 4212 650 4282 a·
670 4215 721 4281 65.
790 4188 793 4194 ’
819 4216 870 4294 an
895 4213 1031 4277 nanu.
1056 4234 1082 4278 ο.
1104 4212 1155 4278 co.
1205 4307 1210 4315 p
1250 4210 1303 4294 ae)
1328 4209 1368 4301 or.

268 4318 399 4365 tho.
466 4348 474 4365 .
1186 4310 1190 4317 ’
1240 4312 1255 4342 -“
