3025 4909
487 422 591 514 vnn
620 418 795 493 nuncu
823 418 867 490 u.
1199 423 1222 492 ε)

135 623 290 718 facium,
319 623 452 693 ducem
475 620 722 719 Aquitaniae,
747 624 793 693 ab
818 644 862 692 eo
891 630 1128 717 susceptum,
1156 644 1224 717 per

135 724 331 797 continuos
359 748 496 795 novem
528 746 647 794 annos
679 726 900 819 gerebatur,
934 724 1031 818 apud
1058 719 1221 793 Parisios

21 832 22 871 ³
137 829 265 897 morbo
295 848 418 921 aquae
450 820 668 895 intercutis8
694 823 794 894 diem
823 822 930 917 obiit,
958 821 1222 919 superstitibus

135 926 261 999 liberis
293 916 405 1019 Kprlo
438 936 474 997 et
505 925 779 1019 Karlornanno,
825 926 869 995 ad
903 921 1222 1019 quos-successio

137 1026 244 1122 regni
281 1026 403 1105 ilibino
439 1036 529 1097 nutu
568 1033 802 1123 pervenerat.
854 1023 984 1095 Franci
1023 1023 1223 1121 siquidem,
1314 1058 1318 1062 ·

136 1127 234 1198 facto
255 1126 476 1198 solemniter
503 1125 671 1223 generali
699 1135 892 1197 conventu-
912 1128 1043 1197 ambos
1072 1124 1142 1196 sibi
1167 1148 1223 1197 re·

21 1256 23 1263 ’
106 1235 110 1241 ’
137 1252 206 1324 ges
227 1226 470 1323 constituunt,
498 1251 542 1298 ea
563 1226 774 1298 conditione
794 1224 1017 1323 praemissa,
1047 1236 1085 1295 ut
1103 1235 1221 1297 totum

139 1328 243 1425 regni
264 1351 400 1424 corpus
421 1351 465 1399 ex
486 1352 605 1425 aequo
627 1326 853 1425 partirentur
862 1326 889 1421 ⁹,
909 1338 946 1398 et
958 1326 1118 1398 Karoius
1137 1350 1223 1398 eam

21 1514 22 1523 ἵ
139 1439 284 1527 partem
304 1453 415 1525 quam
436 1440 543 1526 pater
563 1453 693 1500 eorum
712 1426 889 1525 Pippiuus
915 1436 1107 1522 tenuerat,
1133 1427 1225 1499 Kar·

21 1532 22 1549 ³
138 1530 338 1601 lemannus
360 1554 447 1601 vcro
476 1554 560 1601 eam
590 1529 647 1603 cui
673 1538 829 1626 patruus
856 1552 985 1600 corum
1004 1527 1223 1600 Karloman-

138 1654 209 1701 nus
228 1641 414 1727 praeerat,
442 1630 597 1727 regendi
616 1629 737 1725 gratia
756 1629 978 1726 susciperet.
1015 1628 1224 1726 Susceptae

139 1739 227 1802 sunt
247 1730 417 1828 utrinque
438 1730 682 1825 conditiones,
711 1740 748 1802 et
767 1755 855 1828 pars
876 1730 981 1826 regni
1000 1728 1107 1801 divisi
1123 1730 1224 1800 iuxta

140 1834 292 1903 mudum
324 1831 392 1905 sibi
435 1832 667 1929 propositum
700 1836 745 1903 ab
778 1840 936 1928 utroque
973 1841 1125 1928 recepta
1155 1840 1223 1902 est.

139 1932 348 2029 Mansitque
375 1931 466 2027 ista,
494 1932 665 2030 quamvis
694 1956 779 2003 cum
812 1956 960 2004 summa
993 1929 1224 2025 difficultate,

140 2032 355 2128 concordia,
384 2033 509 2106 multis
538 2058 582 2105 ex
613 2043 717 2131 parte
735 2032 979 2105 Karlomanni
1004 2032 1225 2105 societatem

139 2157 316 2231 separare
347 2133 606 2225 molientibuS,
643 2136 736 2207 adeo
770 2145 809 2206 ut
840 2134 990 2231 quidam
1019 2158 1085 2205 eos
1112 2133 1225 2205 etiam

21 2304 28 2323 „
140 2232 277 2306 beilo¹⁰
303 2234 538 2307 committere
558 2235 632 2307 siut
652 2234 830 2308 meditati.
882 2235 957 2307 Sed
983 2234 1020 2304 in
1049 2234 1121 2305 hoc
1141 2232 1225 2329 plus
1387 2325 1389 2328 ι
1453 2312 1456 2316 ,

21 2404 23 2427 ,
141 2333 345 2433 suspecti11
374 2359 487 2432 quam
505 2334 660 2431 periculi
680 2335 820 2423 fuisse,
847 2334 929 2430 ipse
957 2358 1083 2405 rerum
1104 2334 1225 2406 exitus
1489 2328 1491 2332 ’

140 2435 371 2533 approbavit,
390 2460 488 2530 cum,
508 2435 681 2508 defuncto
700 2433 1005 2530 Karlomanno¹²,
1034 2458 1126 2505 uxor
1144 2434 1225 2507 eius
1277 2501 1279 2505 ⁴

142 2548 178 2607 et
194 2534 260 2608 filii
280 2560 363 2607 cum
384 2535 606 2632 quibusdam
635 2536 697 2633 qui
725 2560 770 2609 ex
799 2535 1020 2633 optimatum
1050 2535 1133 2609 eius
1160 2560 1244 2625 uu-¹

141 2661 245 2709 mero
267 2636 450 2734 primores
472 2648 600 2734 erant,
628 2636 770 2709 ltaliam
798 2638 888 2735 fuga
908 2636 1031 2734 petiit,
1059 2648 1095 2734 et
1114 2636 1225 2708 nuliis

141 2737 384 2811 existentibus
405 2737 548 2833 causis,
578 2748 703 2836 spreto
724 2738 845 2813 mariti
870 2739 1006 2834 fratre,
1034 2743 1102 2812 sub
1120 2736 1227 2810 Desi-

141 2838 252 2933 derii,
281 2838 381 2935 regis
408 2840 762 2935 Langobardorum,
795 2838 1040 2936 patrocinium
1069 2864 1112 2912 se
1139 2864 1225 2911 cum

139 2936 263 3013 liberis
284 2940 362 3013 suis
383 2942 546 3012 contulit.
598 2941 643 3012 Et
659 2939 936 3013 Karlomanuus
965 2941 1115 3037 quidem
1142 2950 1227 3038 post

140 3040 457 3115 auuninistraturn
478 3041 727 3113 communiter
745 3041 894 3113 biennio
905 3041 934 3088 1³
953 3066 1113 3138 regnum
1130 3065 1226 3113 rnor-

140 3143 186 3212 bo
214 3142 401 3236 decessit,
428 3142 587 3214 Karolus
608 3152 748 3236 autem,
777 3142 890 3214 fratre
918 3143 1112 3238 defuncto,
1141 3167 1226 3213 con·

141 3265 256 3315 sensu
276 3242 444 3319 'omnium
462 3244 688 3315 Francorum
708 3266 776 3313 rex
795 3242 1039 3316 constituitur.

240 3348 274 3415 4.
324 3345 380 3417 De
410 3345 514 3416 cuius
548 3340 780 3417 nativitatess
815 3354 927 3442 atque
955 3344 1138 3438 infancia,
1167 3344 1226 3415 vel

140 3442 251 3513 etiam
273 3444 450 3541 pueritia,
478 3445 561 3543 quia
582 3469 706 3542 neque
733 3444 881 3543 scriptis
909 3469 1067 3543 usquam
1090 3444 1227 3543 aliquid

140 3596 222 3639 auno
246 3580 317 3650 754,
340 3581 417 3662 3ηηίλ
438 3582 476 3643 15
498 3580 682 3657 incompieti
705 3580 852 3641 evadunt.
936 3580 966 3662 8)
991 3578 1032 3644 cf.
1053 3580 1137 3662 Suet,
1161 3582 1225 3641 Ne-

21 3658 22 3673 ³
141 3681 197 3721 um
221 3682 246 3722 c.
270 3664 299 3724 5.
376 3666 415 3745 29)
430 3664 468 3728 ct.
486 3665 568 3725 Mon.
586 3664 639 3725 SS.
655 3664 689 3727 Τ.
705 3664 728 3724 Ι.
746 3682 815 3743 pag.
834 3663 903 3729 147.
926 3674 990 3729 uot.
1005 3665 1056 3729 41.
1072 3663 1081 3744 ,³
1122 3665 1170 3748 10]
1189 3667 1226 3727 ct'.

36 3754 40 3762 '
141 3744 180 3805 ib.
205 3765 273 3825 pag.
296 3746 368 3821 327,
391 3746 420 3811 t.
549 3749 598 3825 11)
620 3748 639 3808 i.
664 3768 689 3808 e.
713 3746 909 3827 suspicionis.
1027 3749 1074 3833 12)
1099 3751 1226 3812 Absona

140 3830 350 3891 memborum
375 3832 552 3891 commenta
576 3832 615 3893 de
631 3831 838 3909 Kartomanni
863 3830 967 3893 obitus
990 3852 1085 3895 cansa
1109 3833 1228 3895 referre

141 3914 254 3977 tardat.
384 3908 432 3995 13)
457 3912 689 3977 Kariomannus
712 3916 802 3977 aunis
832 3914 996 3995 conrpletis
1019 3918 1082 3981 769
1104 3928 1135 3979 et
1156 3918 1228 3987 770,
1293 3975 1296 3979 .
1344 3944 1347 3950 ’

141 3996 215 4056 anni
239 3996 310 4060 768.
335 3994 518 4077 parte-inde
541 4016 557 4056 a
581 3998 631 4059 dio
654 4000 683 4061 9.
700 3998 856 4073 Octobris,
880 4008 909 4061 ct
933 4001 1033 4062 multo
1057 4003 1176 4063 maiore
1199 4020 1227 4063 a.

140 4081 212 4153 771,
236 4081 353 4143 scilicet
377 4080 475 4161 usque
500 4081 539 4140 ad
564 4082 592 4144 d.
616 4083 645 4145 4.
662 4083 853 4153 Decembris,
875 4084 1028 4163 regnavit.
1096 4086 1144 4165 14)
1168 4103 1226 4144 uu-

141 4168 190 4222 tus
213 4173 260 4225 est
282 4184 366 4225 anno
389 4163 460 4229 uta·
484 4184 522 4225 ex
545 4164 633 4227 Eiub.
658 4167 719 4227 vita
751 4186 820 4247 cap.
843 4166 898 4240 31,
930 4167 981 4227 die
1003 4171 1031 4233 2.
1055 4168 1172 4247 Aprilis·
1191 4185 1246 4227 cx·

142 4242 329 4309 Calendario
353 4244 607 4311 Laurisbamensi
631 4248 752 4311 sacculi
774 4250 829 4310 lx.
848 4247 976 4331 (Mabiii.
993 4253 1033 4311 da
1049 4272 1082 4313 re
1098 4251 1228 4331 diplom.
1279 4315 1286 4330 ,

491 4464 495 4477 a

494 4490 521 4665 b,

520 4687 526 4713 ’ᾗ
579 4698 581 4703 .

524 4718 534 4751 t

527 4758 540 4777 ιλ
