3025 4909
289 400 339 480 64
703 396 936 476 lillillll'lllll'

288 604 374 703 puis
392 614 540 677 tantum
559 600 838 700 festivitatibus,
864 613 956 676 tunc
974 614 1215 677 tamencum
1243 624 1386 703 magno

287 705 485 778 huminum
521 726 690 777 numero.
767 702 933 779 Caena⁶⁷
972 702 1157 790 cotidiana
1190 707 1386 803 quaternis

288 816 437 879 tantum
463 804 616 879 ferculis
644 808 907 904 praebebatur,
935 816 1088 902 praeter
1105 828 1248 901 assam,
1267 829 1384 904 quam

287 917 492 980 venatores
520 904 669 979 veribus
686 905 836 991 inferre
862 905 1054 1000 solebant,
1080 928 1154 1005 qua
1182 906 1244 979 ille
1268 908 1387 981 liben-

287 1007 363 1080 tius
392 1030 504 1107 quam
533 1006 606 1078 ullu
635 1006 708 1079 alio
743 1005 825 1079 cibo
859 1010 1096 1080 vescebatur.
1171 1006 1275 1080 luter
1301 1031 1387 1082 cae-
1447 1010 1451 1015 ’

289 1110 456 1181 nandum
476 1116 542 1179 aut
558 1106 709 1203 aliquod
729 1104 948 1179 acroama⁶8
974 1116 1039 1179 aut
1055 1107 1238 1180 lectorem
1259 1109 1386 1183 audie·

289 1212 362 1282 bat.
399 1200 640 1305 tagenarum
657 1207 693 1281 ei
712 1206 895 1281 historiae
913 1216 952 1279 et
969 1208 1209 1305 antiquorum
1236 1232 1300 1281 res
1319 1232 1386 1307 ge·

290 1319 383 1382 stae.
437 1309 704 1385 Delectabatur
722 1318 761 1380 et
777 1308 880 1382 libris
900 1308 1022 1381 sancti
1034 1307 1249 1405 Augustini,
1276 1333 1386 1407 prae·

289 1410 475 1509 cipueque
501 1409 561 1483 his
589 1408 723 1507 quide
750 1406 901 1481 civitate
927 1408 998 1481 Dei
1031 1407 1258 1506 praetitulati
1286 1421 1385 1485 sunt.

288 1509 411 1582 Vini⁵⁹
440 1520 478 1582 et
495 1509 618 1583 omnis
637 1520 750 1607 potus
769 1512 865 1582 adeo
884 1531 1022 1607 parcus
1042 1510 1079 1582 in
1100 1509 1260 1584 bibendo
1290 1521 1386 1607 erat⁷

289 1620 330 1683 ut
349 1634 465 1708 super
483 1634 641 1683 caenam
668 1634 754 1683 raro
773 1610 858 1707 plus
883 1632 998 1707 quam
1024 1621 1083 1683 ter
1108 1611 1262 1684 biberet.
1313 1614 1386 1683 Ae·

289 1720 389 1784 state
417 1708 541 1808 post⁶⁰
582 1711 706 1784 cibum
741 1710 992 1784 meridianum
1020 1734 1218 1809 pomorum
1246 1712 1384 1810 aliquid
1412 1641 1422 1800 )

288 1834 460 1906 sumens,
488 1834 532 1883 ac
552 1812 674 1884 semel
692 1810 837 1906 bibens7
864 1809 1046 1907 depositis
1064 1813 1234 1884 vestibus
1255 1825 1293 1885 et
1311 1813 1385 1885 cal·
1412 1809 1418 1872 i

289 1911 502 2007 mamantis,
529 1912 633 1984 velut
651 1922 764 1985 noctu
784 1910 917 1985 solitus
937 1921 1039 2005 erat,
1068 1912 1213 1984 duabus
1240 1923 1305 1984 aut
1321 1914 1385 1985 tri·
1409 1907 1414 1974 ἶ

288 2016 358 2089 bue
386 2012 491 2085 horis
518 2013 745 2109 quiescebat.
816 2008 1032 2084 Noctibus⁰¹
1071 2012 1126 2112 sic
1147 2002 1415 2109 durmiebats

289 2123 329 2185 ut
347 2136 524 2187 somnum
544 2123 678 2210 quater
696 2122 761 2184 aut
780 2112 978 2210 quinquies
998 2136 1073 2184 non
1100 2111 1224 2183 s'elum
1252 2136 1296 2184 ex
1327 2137 1384 2185 er-

287 2213 487 2311 giseendu‚
527 2216 593 2286 sed
621 2213 735 2287 etiam
759 2213 1042 2310 deresurgendo
1078 2212 1220 2285 interru
1291 2224 1383 2287 eret.

289 2316 383 2387 Cum
391 2314 422 2363 ⁸²
449 2314 673 2387 calciaretur
690 2324 757 2386 aut
775 2314 1003 2409 amiciretur,
1031 2336 1106 2385 non
1125 2322 1272 2385 tantum
1293 2315 1384 2386 ami·

289 2438 354 2488 cos
373 2415 606 2509 admittebat,
632 2438 764 2488 verum
785 2415 912 2508 etiam,
932 2414 963 2486 si
983 2437 1112 2487 comes
1133 2414 1260 2512 palatii
1278 2415 1384 2488 litem

289 2516 453 2613 aliquam
480 2540 567 2589 esse
594 2519 734 2589 diceret
762 2539 858 2613 quae
886 2516 975 2587 sine
995 2512 1076 2587 eius
1104 2515 1210 2588 iussu
1239 2514 1383 2589 deliniri

289 2640 364 2687 non
385 2620 537 2714 posset,
566 2616 693 2688 statim
713 2615 904 2711 litigantes
922 2615 1160 2689 introducere
1188 2615 1319 2710 iussit,
1346 2625 1385 2690 et

288 2717 393 2790 velut
411 2740 477 2815 pro
496 2716 671 2789 tribunali
691 2720 863 2811 sederet,
891 2714 955 2788 lite
974 2716 1125 2813 cognita
1154 2718 1387 2809 sententiam

288 2816 395 2911 dixit3
423 2840 494 2890 uec
512 2818 585 2889 hoc
602 2825 749 2888 tantum
770 2826 1012 2913 cotempore,
1032 2818 1098 2888 sed
1113 2815 1241 2912 etiam7
1261 2841 1305 2888 ea
1324 2816 1384 2889 die

287 2917 462 3015 quicquid
482 2916 681 2990 cuiuslibet
697 2914 810 2988 officii
829 2916 1019 3013 agendum
1037 2925 1103 2987 aut
1121 2917 1296 3014 cuiquam
1316 2916 1384 2987 mi·

288 3017 492 3091 nistrorum
512 3017 782 3113 iniungendum
802 3027 903 3112 erat,
931 3015 1163 3114 expediebat.

391 3121 450 3194 te.
502 3115 630 3191 Erat⁶³
657 3118 872 3215 eloquentia
891 3118 1067 3215 copiosus
1094 3126 1132 3190 et
1156 3121 1383 3213 exuberans,

288 3227 525 3317 poteratque,
553 3217 726 3317 quicquid
745 3219 873 3314 veltet,
900 3218 1140 3315 apertissime
1160 3217 1382 3317 exprimere.

286 3320 365 3393 Neu
385 3319 503 3418 patrio
522 3328 670 3391 tantum
690 3342 868 3392 sermone
888 3328 1108 3413 contentus,
1136 3318 1249 3392 etiam
1275 3342 1384 3417 pere·

286 3419 405 3517 grinis
426 3420 563 3519 linguis
589 3416 814 3493 ediscendis’
827 3441 981 3517 operam
1010 3419 1211 3517 impendit3
1239 3420 1276 3492 in
1305 3418 1383 3517 qui·

288 3526 356 3594 bus
374 3520 549 3594 Latinam
566 3520 618 3595 ita
637 3519 775 3614 didicit,
802 3531 844 3593 ut
869 3544 990 3618 aeque
1007 3519 1069 3591 illa
1097 3542 1142 3592 ac
1167 3520 1288 3619 patria
1316 3520 1383 3591 lin-

285 3646 362 3720 gua
388 3621 536 3696 creceii
569 3622 618 3696 sit
645 3622 797 3715 solitus3
826 3621 1011 3695 Graecam
1041 3644 1130 3695 vero
1165 3621 1298 3695 melius
1328 3619 1382 3690 in-

285 3721 457 3819 telligere
489 3746 602 3820 quam
640 3721 885 3822 pronuntiare
916 3719 1116 3819 poterat⁶⁵.
1168 3724 1270 3795 Adeo
1303 3719 1382 3817 qui-

286 3826 373 3897 dem
394 3824 577 3897 facundus
597 3833 697 3920 erat,
722 3833 765 3893 ut
790 3822 906 3895 etiam
931 3822 1144 3895 didascalus
1170 3830 1381 3919 appareret.

286 3996 337 4079 57)
366 3996 442 4059 ibid.
549 3994 600 4078 58)
625 3995 700 4056 ibid.
735 4012 761 4055 c.
784 3994 835 4057 74.
859 3994 991 4073 Vespas.
1014 4012 1040 4059 c.
1065 3994 1114 4059 19.
1221 3992 1273 4071 59)
1296 3990 1381 4053 Suet.

285 4086 363 4159 Aug.
387 4098 412 4143 c.
436 4080 486 4143 77.
573 4077 625 4158 60)
649 4078 733 4141 Suet.
756 4079 835 4157 Aug.
859 4096 885 4141 c.
908 4077 960 4141 78.
1045 4078 1098 4158 61)
1124 4075 1201 4137 ibid.
1265 4075 1316 4158 62)
1341 4073 1397 4138 ci·

286 4163 371 4227 Suet.
393 4164 523 4245 Vespas.
547 4180 572 4228 c.
596 4164 646 4227 21.
753 4159 805 4243 63)
830 4160 869 4223 cl.
900 4160 986 4225 Suet.
1006 4162 1088 4242 Aug.
1121 4180 1147 4222 c.
1168 4158 1221 4223 84.
1328 4157 1380 4240 64)

284 4246 371 4309 Suet.
394 4248 452 4307 Tit.
476 4268 502 4309 c.
525 4247 553 4311 3.
639 4246 691 4323 65)
715 4243 802 4309 Suet.
824 4246 904 4326 Aug.
928 4263 955 4308 c.
978 4245 1029 4308 69.
