3025 4909
583 443 857 515 PRAEFATIO.
1225 443 1271 495 ⁸⁷¹¹

179 649 254 723 825
277 645 486 719 Radleicum
515 647 694 717 notarium
729 668 833 716 sunm
863 644 1032 739 reliquias
1061 652 1269 717 sanctorum

179 750 388 821 arcessitum
408 746 562 817 Romam
581 747 685 817 misit.
725 746 824 833 (lum
843 747 901 815 oia
920 769 1027 838 aepre
1044 748 1268 838 impetratae,

182 851 286 921 annis
304 851 377 921 826
397 853 430 919 et
446 850 519 920 827
545 852 581 917 iu
600 850 821 917 monasterio
845 845 904 917 illo
923 845 1145 936 Mulinbeim,
1173 845 1271 940 qnod

180 953 253 1021 iam
273 947 512 1041 Seliyenstodt
531 947 643 1038 uadit,
671 953 754 1019 suut
771 946 985 1018 reconditae.

284 1049 397 1136 (luam
415 1050 524 1141 ipilur
542 1050 633 1118 inter
651 1047 777 1119 rloetos
795 1046 917 1117 clarus
931 1052 966 1115 et
977 1047 1267 1119 consiliariorum

149 1200 153 1214 s
181 1151 408 1242 imperatoris
434 1172 515 1219 eam
541 1147 710 1219 Hildoino
748 1146 879 1217 abbate
909 1144 944 1217 S.
975 1146 1136 1239 Dionysii
1160 1146 1268 1231 facile

178 1251 365 1343 princepS,
398 1251 498 1341 repul
528 1250 676 1342 nepotiis
707 1270 844 1341 rnerpna
876 1270 919 1316 es
944 1253 1048 1339 parte
1071 1254 1267 1340 praeesset,

180 1356 214 1421 et
236 1350 315 1421 licet
337 1355 481 1421 statura
504 1372 660 1442 pravus,
687 1347 814 1442 Mopni
832 1346 1009 1419 Elabardi
1034 1349 1174 1419 nomine
1197 1350 1267 1433 fer-

180 1456 295 1543 retur,
331 1452 454 1544 prauis
485 1452 613 1521 sensim
641 1452 839 1541 sensimque
869 1471 988 1519 rerum
1019 1447 1266 1541 palatinarum

179 1553 410 1621 commutatio
430 1552 622 1621 intervenit.
674 1546 813 1621 Karolo
833 1550 923 1618 enim
939 1572 1053 1641 puero
1078 1572 1121 1619 eo·
1145 1572 1267 1620 secun-

175 1651 234 1723 dis
260 1652 488 1743 imperatoris
513 1652 644 1744 nuptiis
667 1656 773 1740 nato,
802 1655 913 1719 tolum
939 1648 1104 1719 luditbae
1128 1655 1162 1720 et
1177 1648 1267 1719 Hln-
1371 1710 1373 1715 .

179 1751 304 1823 domici
328 1750 482 1823 studium
508 1753 543 1821 in
569 1774 609 1823 eo
636 1750 858 1837 vertebatur,
886 1756 924 1820 ut
948 1757 1089 1842 partem
1115 1751 1146 1819 ri
1169 1754 1269 1841 repni

178 1854 270 1923 inter
287 1850 439 1946 reliquos
457 1850 548 1938 filios
567 1851 744 1922 distributi
762 1850 995 1921 vindicarent.
1030 1850 1072 1921 ln
1091 1873 1160 1945 quo
1186 1874 1267 1944 caru

180 1951 402 2045 aliquantum
421 1954 591 2046 temporis
609 1953 897 2042 consumsissent,
926 1950 1123 2043 republica
1151 1954 1268 2045 rrrrrpis

178 2055 362 2145 alapisque
381 2052 557 2146 neplecla,
586 2054 708 2123 ornain
733 2053 784 2121 itu
809 2050 1039 2142 pessumdari
1064 2059 1266 2144 coeperunt,

177 2158 217 2226 nt
234 2151 440 2223 Einliomlus
459 2152 634 2225 desiderio
652 2154 689 2221 in
701 2152 860 2245 praedia
882 2175 950 2221 sua
969 2150 1156 2223 secedendi
1173 2158 1268 2221 totus

178 2254 250 2323 iam
271 2253 474 2345 repleretur.
498 2252 584 2323 -llec
610 2259 730 2323 tamen
759 2250 1006 2323 abstinendum
1034 2257 1156 2342 ratus,
1185 2253 1267 2349 quin

180 2360 287 2423 anteo
321 2355 478 2424 (tuiruam
505 2354 733 2445 imperatoris
758 2356 929 2441 tentaret,
957 2350 1087 2420 oblatis
1113 2353 1144 2420 ei
1171 2342 1266 2422 cirino

178 2456 252 2527 828
273 2450 447 2524 Gabrielis
467 2450 676 2546 arcbnnpeli
693 2452 854 2543 monitis,
883 2449 1067 2521 duodecim
1092 2451 1268 2543 capitibus

179 2550 457 2645 comprehensis,
494 2556 527 2622 et
553 2576 622 2647 quo
651 2554 750 2637 tacto
774 2575 864 2643 opus
890 2557 982 2623 esset
1011 2551 1199 2642 indicauit,
1234 2560 1268 2622 et
1366 2553 1370 2558 ’

179 2652 384 2725 seditionem
405 2655 472 2724 nisi
495 2651 584 2725 illud
608 2652 818 2745 adimpleret
842 2657 1059 2722 ecorluram.
1075 2652 1266 2745 praedicit.

179 2754 382 2847 Imperator
411 2752 525 2825 libello
556 2754 729 2847 perlecta,
764 2752 839 2823 alia
868 2753 965 2844 fecit,
1000 2751 1075 2823 alia
1107 2751 1267 2847 neplescit.

179 2854 328 2925 Biennio
345 2860 550 2949 postquam
569 2855 799 2947 imperatoris
823 2852 911 2923 aula
937 2855 1056 2947 mapis
1083 2856 1268 2949 irrupisaue

180 2956 215 3023 in
238 2961 363 3046 partes
393 2955 614 3045 traheretur,
642 2962 674 3025 et
697 2953 840 3025 luditba
871 2952 1142 3045 Bernbarelum,
1180 2954 1268 3046 Sep·

180 3056 349 3127 tirnaniae
381 3054 503 3125 ducem
513 3110 522 3148 ,
563 3056 806 3127 camerarium
837 3055 1003 3125 constit-ui
1032 3056 1267 3147 impetrasset,

180 3178 198 3225 e
233 3162 359 3227 erratra
394 3154 546 3240 liliorum
587 3157 695 3225 amici
734 3153 961 3225 Hlotburium
999 3156 1035 3224 in
1071 3152 1267 3227 subsidium

180 3262 360 3347 vocarent,
383 3254 587 3327 llinbarclus
606 3254 705 3346 apud
721 3253 930 3346 discipulum
949 3254 1134 3349 qnondam
1152 3278 1267 3347 sunm,

181 3380 223 3426 ne
254 3379 291 3427 se
320 3358 418 3448 patri
447 3361 657 3449 opponeret,
699 3354 899 3449 eliliyenlius
930 3356 1062 3427 institit.
1123 3356 1266 3426 Interim

181 3454 417 3527 Berabarrlus
449 3458 664 3527 cerrotorilate
694 3478 763 3525 sua
794 3457 844 3526 ita
878 3455 1012 3527 abusus
1039 3461 1108 3545 est,
1135 3460 1187 3533 ut,
1205 3455 1268 3526 ad·

182 3578 306 3627 versae
329 3558 444 3646 praelis
467 3557 646 3650 principes
670 3555 737 3627 sibi
761 3562 919 3626 estrema
945 3557 1063 3647 potius
1095 3556 1268 3627 tentando

181 3678 289 3751 qnam
321 3655 416 3726 illum
450 3658 579 3727 diutinis
610 3654 836 3727 tolerandam
874 3660 1064 3747 putarent,·
1105 3662 1140 3725 et
1168 3658 1267 3731 initio

182 3758 269 3827 anni
287 3758 372 3842 830,
401 3780 506 3850 quum
525 3760 723 3851 imperator
750 3757 787 3825 in
805 3754 1019 3827 Britannica
1048 3756 1267 3848 cupeditione

183 3855 434 3950 Compendium
464 3859 630 3947 venisset,
660 3858 814 3927 enercitu
841 3854 1009 3949 seducto,
1045 3857 1266 3929 rebellionem

71 3950 75 3957 ’
180 3961 415 4029 concitarant.
471 3956 545 4041 Ono
585 3960 706 4029 nuntio
739 3962 904 4049 accepto,
942 3956 1169 4044 Eiubamlus‚
1209 3962 1269 4051 qni

179 4058 357 4130 Iaditbam
385 4057 638 4148 Compemlium
664 4060 763 4152 sequi
787 4059 924 4150 iussus,
961 4057 1064 4132 valde
1098 4065 1269 4152 ‹reprotns

179 4182 288 4253 usque
326 4156 555 4229 Valenttanas
585 4166 749 4249 venerat,
787 4157 1003 4230 Gandauum
1032 4182 1124 4229 nrrve
1155 4181 1268 4229 reces-

179 4260 244 4350 sit,
272 4266 308 4330 et
323 4283 414 4331 nouo
434 4261 506 4330 ianr
527 4281 645 4328 rerum
665 4259 791 4329 ordine
818 4261 1035 4351 imminente,
1063 4260 1266 4331 missionem

1044 4374 1051 4437 Ι
1064 4374 1081 4410 ‘b
