3025 4909
259 492 307 564 32
711 487 940 561 ulnflnnnt

259 691 326 762 bus
348 690 399 763 20
417 693 452 759 et
471 708 581 758 unum
600 694 741 781 partem
760 690 865 782 lecit,
893 691 1036 762 tertiam
1054 691 1232 782 iuteqram
1252 710 1364 761 resec.-

259 790 367 861 uauil.
421 786 653 859 Etduarum
685 788 828 881 quidem
858 792 1018 881 partium
1048 791 1086 859 in
1114 792 1164 861 20
1188 795 1223 861 ct
1251 812 1361 861 uuum

258 895 403 982 partem
431 890 536 972 facta
570 888 695 959 divisio
716 886 782 959 lali
815 891 956 961 ratione
989 890 1169 981 consistit,
1207 891 1360 982 utquid
1434 964 1442 981 ἕ

259 992 298 1060 in
330 1010 441 1081 reque
476 985 572 1058 illius
612 988 914 1082 metropolitanae
945 990 1108 1060 civitates
1139 989 1189 1060 20
1223 996 1258 1059 et
1287 1012 1359 1059 una

258 1110 338 1160 esse
352 1092 563 1181 noscuntur,
583 1110 821 1183 unaquaeque
834 1088 979 1159 illarum
994 1090 1154 1181 partium
1170 1088 1221 1161 ad
1232 1112 1360 1159 untrai-

243 1182 440 1283 'qunmque
474 1189 698 1281 metropolim
731 1212 798 1280 per
835 1210 965 1260 manus
997 1187 1166 1259 heredum
1207 1194 1242 1259 et
1272 1189 1361 1259 arai·

260 1311 389 1360 corum
415 1310 565 1359 suorum
592 1288 806 1359 elemosinae
836 1290 978 1360 nomine
1003 1290 1207 1381 perueniat,
1236 1294 1270 1357 et
1300 1310 1360 1357 ar·

261 1387 505 1482 cbiepiscopus
534 1388 593 1481 qui
621 1393 704 1458 lrruc
730 1386 824 1459 illius
851 1387 1047 1461 aecclesiae
1075 1394 1194 1459 rector
1220 1390 1359 1458 eastite·

261 1490 320 1581 rit,
344 1494 486 1581 partem
514 1510 606 1581 quae
633 1486 684 1559 ad
708 1511 814 1558 suam
844 1488 1056 1560 aecclesiam
1086 1486 1177 1559 data
1206 1493 1259 1560 est
1281 1510 1359 1560 sus·

261 1590 413 1681 cipieas,
450 1609 530 1657 cum
556 1589 632 1659 suis
657 1588 905 1681 suffrnqaneis
928 1591 1131 1681 partiatur,
1160 1611 1201 1659 eo
1227 1588 1362 1658 scilicet

261 1687 390 1779 modo,
425 1692 465 1757 ut
484 1710 576 1777 pars
601 1690 706 1759 tertia
735 1711 824 1759 suae
850 1690 895 1760 sit
921 1688 1109 1779 ecclesiae,
1145 1687 1241 1759 duae
1273 1710 1357 1759 uero

258 1794 384 1880 partes
402 1788 492 1856 iuter
510 1788 768 1880 suffroqaueos
787 1788 1004 1859 diuiduntur.
1054 1787 1199 1859 Harum
1218 1786 1358 1861 diuisio-

260 1910 363 1980 num,
399 1908 492 1980 quae
523 1908 566 1956 ee
597 1886 740 1959 duabus
770 1890 895 1980 primis
921 1889 1086 1979 partibus
1112 1889 1236 1972 factae
1263 1892 1356 1977 sunt,

260 1993 295 2057 et
325 1989 425 2057 lucta
465 1986 765 2078 metropoleorum
802 1990 986 2059 ciuitatum
1022 2010 1209 2058 numerum
1237 1989 1285 2059 20
1324 1992 1359 2057 et

262 2108 335 2157 una
355 2108 431 2157 esse
449 2093 664 2179 noscuntur,
693 2110 931 2181 unaquaeque
951 2088 998 2158 ab
1018 2087 1136 2157 altera
1153 2093 1356 2180 sequestra-

260 2192 317 2277 ta,
351 2188 511 2257 semotim
546 2188 580 2257 iu
610 2210 676 2257 suo
703 2190 917 2279 repositorio
950 2211 1029 2257 curn
1056 2187 1356 2278 superscriptione

259 2288 413 2357 ciuitatis
441 2284 492 2355 ad
528 2309 637 2379 quam
669 2288 888 2379 perferenda
923 2293 991 2378 est,
1032 2286 1219 2357 recondita
1251 2287 1354 2357 iacet.

260 2386 417 2457 Norrrina
445 2385 766 2479 metropoleorum,
811 2388 861 2458 ad
886 2407 978 2481 quas
1006 2386 1132 2456 eadem
1161 2384 1355 2457 elemosina

244 2488 332 2555 siae
350 2484 495 2578 larqitio
514 2485 686 2569 facienda
706 2492 768 2575 est,
788 2486 877 2558 baec
891 2492 992 2557 sunt:
1019 2485 1147 2575 Boura,
1167 2485 1354 2576 Rauenna,

260 2584 524 2675 Mediolanum,
553 2586 687 2656 Forum
706 2586 803 2679 Iulii,
832 2586 995 2677 Gradus,
1015 2585 1184 2677 Colonia,
1204 2584 1355 2679 Moqou·

257 2688 395 2776 dacus,
423 2685 597 2755 lucabum
624 2710 716 2779 quae
743 2692 777 2756 et
802 2686 1000 2777 Salzburq,
1040 2686 1215 2776 Treveris,
1244 2686 1355 2757 Seno·

259 2808 341 2878 nes,
375 2785 554 2877 Vesontio,
582 2785 813 2878 anduuum,
841 2786 1082 2878 Rotomaqus,
1109 2786 1240 2875 Roneis,
1267 2785 1353 2855 Are-

260 2884 336 2977 las,
382 2884 531 2974 lsienna,
567 2884 818 2978 Darantasia,
852 2884 1106 2977 Ebrudunum,
1134 2884 1353 2977 Burdlqala,

263 2985 439 3077 Turones,
468 2984 656 3079 Bituriqes.
714 2985 824 3056 Uuisrs
843 2991 963 3055 autern
988 2987 1106 3075 partis
1130 3008 1238 3077 quam
1266 2986 1353 3053 inte·

259 3108 366 3177 qram
386 3086 565 3155 reseruari
584 3084 709 3175 valuit,
737 3086 821 3156 talis
848 3092 899 3155 est
924 3088 1036 3175 ratio,
1065 3090 1102 3154 ul
1125 3082 1193 3154 illis
1211 3082 1354 3154 duabus

258 3188 296 3255 in
330 3184 563 3277 supradictas
597 3184 787 3256 divisiones
826 3184 1023 3255 distributis
1061 3191 1095 3254 et
1130 3183 1195 3253 sub
1236 3182 1352 3275 siqillo

260 3284 468 3374 reconditis,
506 3283 594 3353 baec
621 3287 726 3355 tertia
760 3287 796 3354 in
829 3308 896 3356 usu
923 3283 1105 3355 cotidiano
1134 3288 1351 3373 uersaretur,

261 3382 354 3454 uelut
371 3407 429 3455 res
447 3406 557 3477 quam
576 3384 676 3454 nulla
694 3388 768 3455 voti
786 3374 1002 3478 obliqatione
1033 3406 1056 3451 a
1085 3382 1242 3453 dominia
1268 3404 1353 3474 pos·

258 3483 406 3555 sidentis
425 3483 620 3553 alienatam
641 3508 716 3555 esse
735 3489 927 3576 constaret,
956 3488 990 3553 el
1014 3482 1081 3554 boc
1098 3481 1236 3575 tandiu,
1266 3504 1352 3577 quo·

255 3582 425 3677 adusque
445 3582 499 3653 vel
515 3582 572 3653 ille
592 3587 782 3655 pransisset
799 3588 835 3655 in
862 3605 1029 3675 corpore,
1067 3581 1120 3653 ael
1147 3606 1251 3655 usum
1277 3584 1352 3654 cius

259 3683 328 3755 sibi
341 3685 582 3755 necessarium
596 3684 782 3755 iudicaret.
816 3683 902 3754 Post
915 3682 1050 3753 obitum
1071 3706 1154 3755 vero
1168 3706 1271 3754 suum
1287 3687 1351 3752 aut

257 3782 503 3854 uoluntariam
537 3784 779 3855 saecularium
811 3806 930 3853 rerum
963 3785 1183 3870 carentiam,
1224 3782 1350 3853 eadem

257 3906 349 3976 pars
374 3889 532 3977 quotuor
558 3883 855 3955 subdivisionibus
881 3889 1087 3974 secaretur,
1114 3889 1149 3953 et
1173 3905 1247 3952 una
1272 3881 1349 3975 quiz

258 3983 340 4055 deni
368 4006 493 4053 earum
520 3984 738 4077 supradictis
758 3985 806 4055 20
830 3988 865 4052 et
888 4005 982 4053 unae
1006 3982 1349 4075 partibusaddere·

255 4089 338 4176 tur,
372 4082 490 4154 altera
518 4105 542 4153 a
559 4083 639 4168 filiis
666 4108 711 4155 ac
736 4082 878 4169 filiabus
896 4084 987 4174 suis,
1014 4082 1162 4176 filiisque
1187 4105 1232 4152 ac
1258 4079 1350 4166 filiu·

255 4182 326 4253 bus
350 4182 505 4271 filiorum
530 4206 678 4255 suarium
708 4181 922 4275 adsumpta,
962 4185 1058 4255 iusta
1084 4187 1118 4252 et
1141 4180 1352 4252 consuendi

259 4284 351 4353 inter
378 4306 439 4353 eos
461 4285 656 4375 partitione
684 4282 920 4373 diuideretur,
945 4285 1050 4353 tertia
1078 4304 1163 4353 uero
1178 4286 1350 4368 consueto
