3025 4909
252 412 298 485 td
679 404 908 481 munaum

247 608 408 709 positae,
427 607 554 705 lingua
576 607 726 705 quidem
745 632 869 705 paene
889 606 1047 701 similes,
1065 604 1233 681 moribus
1253 629 1343 679 vero

248 720 361 809 atque
393 708 521 782 habitu
554 708 664 779 vaide
696 707 925 804 dissimiles,
965 704 1250 781 Germaniam
1239 730 1343 779 mco

246 811 349 907 lunt,
389 808 440 881 ita
471 808 702 906 perdomuit
740 817 781 879 ut
813 832 879 881 eus
912 806 1133 881 tributarias
1161 805 1341 879 efficeret

247 911 350 983 Inter
378 910 577 1008 quassare
603 908 831 1007 praecipuae
858 916 946 981 sunt
963 907 1168 1004 Walatabi,
1194 907 1341 1003 Sorabi,

247 1010 431 1107 Abodriti,
475 1010 684 1085 Boema'nni
720 1052 764 1063 -
809 1034 896 1081 cum
926 1008 999 1081 bis
1039 1031 1207 1105 namque
1245 1008 1342 1096 bello

250 1109 415 1185 conflixit
451 1140 518 1207 -3
555 1121 745 1206 caeteras,
780 1134 941 1207 quarum
975 1110 1093 1183 multo
1129 1108 1251 1184 maior
1281 1118 1343 1181 est

249 1236 453 1309 numerus,
480 1211 517 1283 in
537 1211 767 1283 deditionem
785 1212 963 1309 suscepit.

351 1416 409 1487 16
457 1412 569 1486 Auxit
589 1412 702 1485 etiam
722 1411 882 1509 gloriam
911 1412 1018 1509 regni
1039 1413 1096 1485 sui
1115 1412 1341 1511 quibusdam

249 1513 403 1611 regibus
436 1538 479 1586 ae
504 1512 679 1611 gentibus
702 1537 773 1611 per
796 1513 999 1586 amicitiam
1028 1512 1097 1587 sibi
1125 1514 1342 1588 conciliatis

249 1617 353 1687 Adeo
374 1638 537 1715 namque
557 1614 682 1686 Hadef
680 1638 839 1709 onsnm,
865 1614 1041 1687 Gallitiae
1068 1625 1182 1712 atque
1199 1615 1343 1689 Asturi-

249 1738 318 1787 cae
346 1738 500 1811 regern,
529 1714 598 1787 sibi
624 1714 807 1787 societate
770 1714 1022 1812 tdevinxit,
1049 1725 1090 1788 ut
1116 1714 1228 1811 his²⁰,
1256 1740 1343 1789 cum

248 1818 296 1887 ad
317 1838 403 1887 eum
423 1816 484 1888 vel
501 1814 646 1889 litteras
665 1814 725 1887 vel
750 1816 897 1913 legatos
922 1815 1107 1910 mitteret,
1134 1840 1210 1888 non
1235 1817 1345 1889 aliter

249 1940 293 1988 se
320 1920 418 2014 apud
443 1916 547 1988 illum
573 1940 686 2013 quam
717 1916 911 2015 proprium
936 1940 1050 1988 suum
1074 1916 1299 2015 appellari
1289 1943 1344 1991 ru·

249 2020 368 2091 beret.
420 2016 620 2089 Scotorum
640 2040 789 2114 quoque
808 2041 921 2113 reges
941 2017 996 2089 sic
1014 2016 1143 2089 babuit
1167 2020 1213 2089 ad
1232 2042 1344 2091 suam

250 2117 484 2189 voluntatem
511 2141 580 2214 per
606 2116 905 2189 munificentiam
930 2117 1151 2212 inclinatos,
1188 2128 1230 2189 ut
1255 2142 1343 2191 eum

250 2242 460 2331 numquam
487 2218 594 2305 aliter
620 2217 691 2290 nisi
719 2217 930 2331 dominum,
962 2241 1080 2315 seque
1108 2218 1275 2291 subditos
1304 2229 1343 2290 et

251 2342 385 2392 servos
423 2319 525 2415 eius,
559 2318 855 2433 pronuntiarent.
907 2320 1044 2391 Extant
1074 2318 1257 2417 epistolae
1294 2322 1341 2392 ab

251 2419 307 2492 eis
344 2423 390 2492 ad
425 2419 528 2491 illum
557 2420 718 2515 missae,
760 2420 893 2516 quibus
929 2419 1145 2492 huiusmodi
1182 2418 1344 2491 affectus

251 2544 384 2593 eorum
419 2544 511 2617 erga
536 2520 640 2592 illum
674 2519 868 2592 indicatur.
946 2522 1042 2593 Cum
1067 2522 1214 2616 Aaron
1250 2542 1344 2617 rege

250 2622 474 2716 Persarum,
511 2621 573 2717 qui
601 2630 759 2720 excepta
785 2620 929 2692 lndiat
914 2630 1035 2692 totum
1061 2644 1161 2719 pene
1188 2624 1344 2694 tenebat

250 2720 461 2817 Orientem,
488 2722 603 2793 talem
630 2721 786 2793 habuit
776 2747 814 2793 ιιι
840 2720 1003 2793 amicitia
1023 2721 1276 2817 concordiam,
1303 2732 1345 2793 ut

251 2820 352 2895 his²9
380 2822 541 2919 gratiam
569 2822 649 2894 eius
678 2822 846 2895 omnium
876 2822 939 2919 qui
965 2822 1002 2894 in
1021 2832 1099 2894 toto
1119 2826 1209 2893 orbe
1226 2832 1345 2894 terra·

251 2947 337 2993 rum
365 2933 473 2994 erant
500 2946 633 3020 regum
663 2946 707 2993 ac
734 2922 945 3021 principum
972 2922 1161 2995 amicitiae
1186 2946 1345 3035 praepo·

251 3034 374 3117 neret
402 3024 601 3119 solumque
628 3022 732 3095 illum
759 3024 903 3095 honore
931 3046 976 3095 ac
1000 3020 1230 3096 munificent
1205 3033 1256 3095 tia
1274 3022 1345 3095 sibi

254 3126 451 3197 colendum
479 3124 680 3218 iudicaret3
709 3147 754 3195 ac
782 3124 959 3222 proinde,
994 3149 1079 3196 cum
1106 3123 1221 3237 legati
1250 3122 1346 3219 eius,

253 3249 349 3323 quos
369 3249 456 3297 cum
475 3224 639 3298 donariis
659 3180 704 3297 a⁷d
725 3224 1027 3305 sacratissimum
1045 3223 1185 3298 domini
1203 3246 1249 3295 ac
1267 3223 1347 3297 Sal-

252 3325 394 3399 vatoris
422 3325 540 3399 nostri
566 3326 813 3423 sepulchrum
836 3325 1040 3423 locumque
1059 3324 1346 3398 resurrectionis

253 3426 424 3524 miserat,
452 3430 605 3500 adeum
627 3426 836 3521 venissent,
863 3438 900 3499 et
919 3426 952 3501 ei
973 3425 1113 3499 domini
1139 3425 1198 3497 sui
1216 3426 1347 3499 volun·

252 3537 371 3600 tatem
391 3528 643 3622 indicassent,
670 3551 745 3598 non
766 3527 888 3599 solum
908 3551 1006 3624 quae
1024 3529 1249 3624 petebantur
1266 3525 1348 3599 fieri

253 3628 444 3726 permisit,
471 3633 538 3702 sed
559 3628 674 3702 etiam
693 3652 844 3701 sacrum
871 3627 975 3699 illum
1002 3638 1040 3701 et
1067 3628 1272 3701 salutarem
1293 3627 1348 3697 lo·

254 3752 356 3824 cum,
383 3739 424 3800 ut
440 3729 539 3803 illius
559 3728 736 3827 potestati
756 3728 1045 3825 adscriberetur,
1073 3727 1282 3822 concessit,
1309 3735 1349 3797 et

254 3828 532 3903 revertentibus
559 3830 696 3927 legatis
726 3854 816 3902 suos
844 3828 1068 3927 adiungens,
1095 3828 1193 3901 inter
1218 3836 1349 3900 vestes

255 3940 295 4001 et
322 3939 511 4024 aromata,
539 3940 576 4003 et
603 3940 751 4003 ceteras
780 3928 1018 4003 orientalium
1036 3941 1222 4003 terrarum
1241 3951 1350 4026 epea,

254 4028 494 4127 ingentiailli
514 4032 612 4103 dona
631 4030 776 4127 direxit,
796 4056 883 4104 cum
903 4032 937 4103 ei
956 4041 1044 4106 ante
1063 4053 1206 4129 paucos
1226 4052 1350 4103 annos

256 4154 359 4227 eum,
387 4154 500 4228 quem
528 4142 617 4203 tunc
646 4132 769 4205 solum
798 4132 981 4231 habebat,
1008 4129 1158 4229 roganti
1184 4129 1352 4203 mitteret

254 4246 459 4331 Qiam
