3025 4909
265 456 315 529 26
705 452 933 527 ElNllAllDl

262 654 368 727 isset.
420 652 587 749 Legendi
608 662 720 749 atque
738 653 924 752 psallendi
949 654 1185 752 disciplinam
1203 654 1361 752 diligen·

261 754 411 829 tissime
431 753 657 827 emendavit.
709 756 799 826 Erat
817 754 918 827 enim
939 755 1133 851 utriusque
1153 758 1359 829 admodum

262 854 446 950 eruditus,
472 876 703 951 quamquam
721 854 805 951 ipse
833 878 905 927 nec
924 855 1071 952 publice
1089 855 1257 953 legeret,
1285 878 1359 929 nec

262 955 335 1029 nisi
355 954 574 1028 submissim
595 964 632 1025 et
651 954 687 1025 in
708 978 911 1043 commune
931 965 1110 1028 cantaret.

365 1058 423 1128 27.
477 1054 583 1131 Circa
603 1078 791 1152 pauperes
811 1058 1081 1129 sustentandos
1102 1065 1140 1127 et
1151 1055 1356 1151 gratuitam

261 1148 539 1249 liberalitatem,
558 1179 671 1251 quarn
691 1155 825 1227 Graeci
845 1156 1106 1249 elemosynam
1125 1166 1276 1248 vocant,
1294 1160 1358 1229 de·

261 1256 502 1347 votissimus,
537 1266 577 1327 ut
602 1256 759 1353 quinon
787 1256 824 1327 in
851 1256 971 1353 patria
1003 1256 1127 1328 solum
1159 1266 1198 1326 et
1227 1256 1265 1327 in
1297 1279 1358 1329 re·

259 1380 337 1452 gno
357 1380 426 1429 suo
445 1355 481 1427 id
501 1355 627 1427 facere
647 1354 855 1447 curaverit,
882 1380 1014 1427 verum
1039 1365 1145 1428 trans
1173 1356 1293 1427 maria
1318 1356 1356 1427 iu

260 1456 408 1549 Syriam
438 1466 476 1528 et
497 1455 700 1553 Aegiptum
726 1467 840 1552 atque
868 1456 1053 1552 Africam,
1079 1456 1357 1551 Hierosolimis,

259 1556 508 1629 Alexandriae
542 1565 655 1652 atque
683 1555 921 1652 Carthagini,
961 1556 1022 1630 ubi
1056 1556 1282 1629 christianos
1318 1556 1357 1627 in

260 1666 483 1755 paupertate
511 1656 640 1727 vivere
677 1667 933 1753 compererat,
971 1656 1178 1753 paenuriae
1205 1656 1356 1728 illorum

260 1755 519 1853 compatiens,
558 1755 759 1852 pecuniam
799 1756 949 1828 mittere
991 1756 1157 1850 solebat,
1198 1760 1244 1829 ob
1281 1757 1356 1828 huc

260 1859 426 1929 maxime
446 1855 785 1927 transmarinorum
805 1880 941 1951 regum
955 1856 1140 1928 amicitias
1156 1868 1356 1952 expetens,

260 1968 301 2028 ut
326 1956 540 2029 christianis
570 1959 639 2029 sub
666 1979 798 2027 eorum
824 1956 1018 2027 dominatu
1044 1958 1268 2052 degentibus
1296 1979 1355 2028 re-

258 2056 455 2153 frigerium
476 2056 623 2151 aliquod
650 2078 695 2126 ac
720 2055 902 2128 relevatio
921 2056 1147 2152 proveniret.
1200 2057 1357 2130 Colebat

259 2181 352 2254 prae
372 2156 508 2229 ceteris
529 2154 648 2227 sacris
676 2166 713 2226 et
738 2156 1015 2227 venerabilibus
1043 2155 1137 2227 locis
1166 2160 1264 2253 apud
1283 2157 1356 2228 llo·

259 2281 362 2331 mam
389 2256 615 2346 aecclesiam
640 2254 739 2327 beati
758 2255 857 2327 Petri
883 2255 1067 2353 apostoli,
1095 2255 1131 2327 in
1160 2257 1264 2328 cuius
1291 2260 1355 2328 do-

257 2357 364 2429 naria
391 2380 531 2452 magna
562 2356 619 2428 vis
647 2355 851 2452 pecuniae,
888 2357 1030 2428 tamin
1059 2380 1150 2427 auro
1179 2380 1292 2452 quarn
1315 2354 1353 2426 in

257 2468 433 2555 argento,
460 2480 624 2528 necnon
645 2455 880 2551 etgemmis,
907 2460 952 2528 ab
981 2457 1043 2528 illo
1072 2467 1254 2552 congesta
1284 2464 1354 2527 est.

257 2557 375 2629 Multa
395 2567 432 2629 et
449 2558 647 2629 innumera
673 2554 913 2653 pontificibus
940 2580 1097 2628 munera
1124 2557 1263 2651 missa,
1290 2579 1355 2627 ue·

256 2682 332 2755 que
366 2657 429 2729 ille
466 2667 542 2727 totu
577 2656 686 2751 regui
720 2656 779 2729 sui
812 2665 985 2751 tempore
1019 2656 1219 2753 quicquam
1251 2655 1356 2750 duxit

256 2754 500 2853 antiquiusll,
528 2780 641 2852 quam
671 2765 712 2825 ut
735 2759 824 2828 urbs
844 2756 964 2827 Roma
985 2780 1055 2827 sua
1072 2779 1189 2852 opera
1208 2779 1355 2851 suoque

256 2858 386 2930 labore
405 2865 535 2928 vetere
550 2856 710 2951 polleret
724 2850 960 2950 auctoritate,
980 2865 1018 2927 et
1034 2855 1221 2927 aecclesia
1232 2854 1354 2927 sancti

256 2957 357 3029 Petri
375 2980 444 3055 per
462 2956 565 3027 illum
585 2980 659 3027 nou
674 2955 797 3027 solum
815 2965 896 3027 tuta
911 2956 1138 3049 acdefensa,
1157 2955 1355 3027 sedetiam

258 3056 338 3130 suis
366 3057 500 3154 opibus
527 3079 619 3153 prae
647 3056 821 3129 omnibus
848 3054 1045 3127 aecclesiis
1079 3066 1186 3128 esset
1220 3064 1354 3126 ornata

255 3168 372 3256 atque
392 3157 517 3231 ditata.
554 3155 675 3242 Quam
697 3180 783 3227 cum
810 3156 903 3228 tanti
923 3159 1125 3252 penderet,
1151 3165 1281 3226 tamen
1299 3155 1354 3225 in·

256 3269 315 3331 tra
334 3263 382 3331 47
403 3253 638 3351 annorumw,
658 3256 792 3353 quibus
812 3266 1054 3353 regnaverat,
1079 3255 1243 3352 spatium
1264 3279 1355 3351 qua·

256 3368 318 3430 ter
334 3368 483 3429 tanturn
501 3355 563 3427 illo
584 3366 759 3427 votorum
772 3357 1041 3429 solvendorum
1057 3379 1102 3427 ac
1116 3354 1352 3453 supplicandi

256 3482 374 3531 causa
394 3458 585 3557 profectus
607 3454 714 3529 estu.

360 3562 419 3632 28.
473 3558 599 3631 Ultimi
619 3558 804 3629 adventus
826 3556 883 3628 sui
903 3580 977 3627 non
998 3556 1120 3628 solum
1147 3556 1221 3627 hae
1246 3556 1354 3626 fuere

256 3682 422 3753 causae,
448 3658 715 3729 verumetiam
743 3657 839 3753 quod
861 3655 1020 3729 Romani
1038 3656 1205 3728 Leonem
1232 3656 1355 3752 ponti·

256 3756 383 3853 ficem,
410 3758 538 3829 multis
558 3757 737 3831 affectum
756 3756 914 3851 iniuriis,
934 3756 1050 3828 erutis
1071 3756 1215 3829 scilicet
1233 3754 1353 3826 oculis

256 3859 462 3957 linguaque
483 3868 689 3953 amputata,
715 3856 829 3929 fidem
849 3855 951 3953 regis
976 3856 1181 3953 implorare
1200 3879 1354 3950 compu-

256 3960 393 4031 lerunt.
412 3957 553 4029 Idcirco
565 3957 724 4028 Romam
735 3957 909 4050 veniens,
921 3968 1075 4053 propter
1085 3958 1352 4053 reparandum,

258 4060 322 4158 qui
340 4058 452 4131 nimis
473 4060 715 4129 conturbatus
737 4067 831 4152 erat,
858 4057 1044 4129 ecclesiae
1063 4066 1204 4128 statum
1229 4053 1278 4125 ibi
1297 4063 1353 4124 to·

256 4195 308 4277 69)
333 4194 371 4259 cf.
396 4194 480 4258 Suet.
502 4194 631 4272 Vespas.
655 4214 681 4258 c.
704 4192 734 4257 8.
863 4191 913 4274 70)
938 4209 1038 4251 annos
1062 4188 1124 4253 768
1156 4196 1186 4248 et
1207 4187 1270 4252 814
1292 4207 1354 4269 pro

256 4279 424 4358 completis
446 4286 617 4358 computat.
704 4276 755 4352 71)
780 4273 819 4336 cl.
843 4274 928 4337 Sciet
950 4274 1053 4335 Tiber.
1076 4291 1103 4331 c.
1126 4273 1177 4335 72.
