3025 4909
512 476 623 551 VITA
647 470 824 547 KAROLI
850 471 897 544 M.
1204 476 1254 549 27

157 680 240 743 tum
264 671 401 748 hiemis
426 684 578 773 tempus
605 674 774 750 extraxit.
820 673 912 761 ¹Quo
934 683 1108 770 tempore
1129 672 1255 770 lmpe·

159 772 296 845 tatoris
325 785 363 847 et
380 776 541 871 Augusti
568 798 708 849 nomen
736 775 901 871 accepit,
929 776 1029 871 quod
1058 774 1180 871 primo
1212 772 1253 845 iu

158 882 306 945 tantum
340 885 539 949 aversatus
571 887 648 972 θεῖ,
688 884 729 952 ut
759 872 995 968 adfirmaret,
1035 896 1079 946 se
1105 896 1151 945 eo
1179 872 1253 971 die,

159 973 334 1071 quamvis
354 976 556 1074 praecipua
575 975 763 1050 festivitas
783 982 902 1071 esset⁷
929 972 1157 1047 aecclesiam
1175 996 1253 1045 non

160 1072 397 1169 intraturum,
426 1074 458 1147 si
484 1075 672 1174 pontilicis
700 1073 901 1147 consilium
926 1073 1120 1171 praescire
1145 1084 1254 1172 potu-

160 1172 267 1246 isset.
318 1174 498 1248 Invidiam
524 1187 655 1249 tamen
680 1174 848 1273 suscepti
866 1174 1044 1271 nominis,
1070 1172 1252 1247 Romanis

161 1272 450 1371 imperatoribus
471 1298 587 1375 super
610 1277 683 1349 hoc
709 1274 1011 1371 indignantibus,
1038 1298 1178 1371 magna
1196 1284 1253 1345 tu-

160 1372 204 1445 lit
220 1374 429 1472 pacientia,
456 1376 619 1474 vicitque
639 1400 772 1450 eorum
791 1374 1069 1447 contumaciam
1095 1398 1256 1470 magna·

160 1474 352 1570 nimbata,
380 1499 453 1572 qua
481 1476 535 1549 eis
563 1478 694 1575 procul
721 1476 831 1549 dubio
859 1476 973 1571 longe
1000 1474 1254 1571 praestantior

161 1583 255 1669 erat,
282 1574 464 1647 mittendo
484 1579 530 1649 ad
550 1600 616 1651 eos
637 1582 790 1650 crebras
806 1575 1031 1671 legationes,
1059 1574 1152 1647 etin
1172 1575 1252 1671 epi-

159 1672 268 1747 stolis
289 1674 424 1748 fratres
444 1698 511 1748 eos
531 1678 767 1775 appellando.

170 1812 182 1826 ·
264 1776 323 1849 29.
376 1776 465 1847 Post
492 1788 714 1875 susceptum
741 1774 937 1872 imperiale
966 1798 1127 1867 nornen,
1164 1797 1254 1845 cum

160 1876 376 1947 adverteret
395 1876 512 1947 multa
531 1877 677 1973 legibus
705 1875 833 1973 populi
861 1874 919 1946 sui
938 1878 1075 1947 deesse
1096 1916 1141 1927 —
1163 1896 1254 1945 nam

160 1973 293 2045 Franci
321 1977 413 2048 duas
442 1975 582 2050 habent
608 1978 716 2075 leges
726 1976 770 2071 ⁷²,
797 1977 834 2046 in
861 1974 1032 2071 plurimis
1057 1974 1151 2046 locis
1176 1973 1258 2045 val·

161 2073 396 2148 dediversas
425 2077 680 2173 -cogitavit
716 2099 814 2175 quae
847 2077 1005 2148 deerant
1039 2076 1178 2147 addere
1215 2084 1255 2147 et

160 2174 412 2271 discrepantia
432 2176 553 2271 unire,
580 2200 697 2275 prava
717 2199 867 2274 quoque
886 2198 931 2246 ac
948 2198 1151 2271 perperam
1168 2197 1258 2270 pro·

161 2273 237 2346 lata
258 2276 467 2371 corrigerer
496 2280 561 2349 sed
581 2281 627 2350 de
647 2278 705 2349 his
726 2276 818 2347 nihil
842 2275 941 2347 aliud
968 2276 1014 2347 ab
1042 2296 1087 2344 eo
1113 2274 1254 2345 lactum

162 2384 243 2465 est,
269 2374 340 2446 nisi
368 2377 464 2472 quod
492 2400 612 2474 pauca
639 2372 850 2473 capitula⁷³‚
888 2384 926 2447 et
957 2397 1002 2445 ea
1029 2373 1252 2470 inperfecta,

162 2473 309 2569 legibus
342 2474 490 2547 addidit.
549 2475 728 2548 Omnium
761 2486 891 2546 tamen
924 2475 1117 2546 nationum
1154 2496 1253 2569 quae

164 2577 232 2645 sub
261 2574 341 2645 eius
379 2573 571 2647 dominatu
605 2586 732 2671 erant,
768 2576 849 2645 iura
882 2597 978 2671 quae
1006 2574 1145 2670 scripta
1178 2598 1254 2645 non

164 2670 322 2768 eranrfl,
350 2674 563 2747 describere
591 2700 635 2747 ac
662 2674 782 2748 literis
810 2673 979 2746 mandari
1009 2674 1107 2745 lecit.
1158 2674 1255 2745 Item

162 2776 320 2847 barbara
329 2771 359 2819 ⁷⁵
386 2785 424 2847 et
442 2774 703 2872 antiquissima
723 2774 903 2871 carmina,
930 2773 1063 2870 quibus
1081 2783 1255 2846 veterum

163 2896 299 2970 regum
318 2883 424 2947 actus
451 2885 487 2947 et
507 2875 602 2948 bella
624 2882 876 2970 canebantura
904 2874 1056 2971 scripsit
1079 2874 1258 2946 memori·

162 2996 285 3071 aeque
306 2976 506 3047 mandavit.
558 2976 752 3049 inchoavit
778 2986 816 3048 et
839 2973 1128 3072 grammaticam
1146 2973 1257 3073 patrii

159 3074 363 3146 sermonis.
414 3074 604 3150 blensibus
625 3076 738 3148 etiam
756 3077 859 3147 iuxta
877 3074 1068 3171 propriam
1087 3074 1258 3171 linguam

164 3174 347 3246 vocabula
382 3174 579 3271 imposuit,
620 3199 706 3248 cum
740 3185 829 3248 ante
864 3175 899 3246 id
936 3174 1117 3272 temporis
1158 3176 1257 3271 apud

165 3274 330 3347 Francos
362 3274 499 3372 partim
517 3275 658 3349 Latinis
690 3276 827 3374 partim
846 3275 1014 3348 barbaris
1041 3273 1255 3347 nominibus

94 3384 97 3390 '
166 3374 514 3470 pronunciarentur.
582 3376 675 3448 Item
703 3387 839 3448 ventos
866 3374 1062 3448 duodecim
1094 3374 1256 3472 propriis

165 3474 481 3571 appellationibus
507 3474 716 3574 insignivit,
744 3500 831 3547 cunr
859 3475 962 3571 prius
991 3497 1065 3544 nou
1093 3474 1256 3571 amplius

166 3596 281 3670 quam
307 3574 368 3644 vix
396 3585 557 3672 quatuor
581 3586 781 3648 ventorum
806 3574 990 3647 vocabula
1016 3584 1177 3670 possent
1203 3574 1257 3645 in·

165 3673 296 3745 veniri.
357 3674 403 3745 Et
434 3678 480 3747 de
514 3677 710 3749 mensibus
738 3674 889 3773 quidem
916 3674 1130 3746 ianuarium
1155 3674 1259 3747 Win-

165 3773 394 3870 tarmanoth,
420 3774 662 3850 Februarium
680 3777 877 3873 Hornung‚
894 3774 1067 3847 Martium
1086 3775 1259 3848 Lentzin·

163 3956 217 4039 72)
241 3956 343 4036 legem
361 3953 497 4017 Salicem
519 3964 548 4018 et
564 3958 797 4021 ltibuariorum.
883 3957 933 4040 73)
957 3958 976 4019 i.
993 3978 1020 4021 e.
1035 3956 1259 4019 additamenta

165 4038 207 4099 ad
224 4039 324 4119 legem
342 4036 476 4099 Salicem
489 4046 519 4101 et
534 4042 573 4101 ad
587 4042 686 4123 legem
707 4041 938 4117 Ribuariorum,
955 4060 984 4102 a.
1000 4040 1257 4120 803.tegg.1.p.

170 4122 346 4186 tta-117.
412 4123 462 4206 74)
481 4124 565 4204 leges
579 4124 749 4195 Saxonum,
765 4122 1007 4203 Thuringorunr,
1024 4129 1054 4185 et
1067 4123 1258 4187 Frisionum.

165 4204 222 4280 75)
244 4204 264 4267 i.
289 4224 316 4265 a.
339 4204 542 4280 Germanica;
575 4206 614 4265 cl.
638 4208 753 4268 Archiv
776 4208 834 4267 der
856 4206 1066 4268 Gesellschait
1087 4205 1137 4265 lor
1159 4207 1260 4266 littere

167 4284 326 4349 Dcutsche
349 4288 625 4351 Gaschicbtkunde
656 4290 690 4350 T.
715 4291 779 4353 Vll.
809 4308 880 4369 pag.
912 4291 1003 4354 1019.
1028 4288 1106 4351 Vlll.
1134 4309 1164 4369 p.
1186 4291 1259 4354 257.

1028 4388 1074 4457 3*
