3025 4909
142 1077 302 1143 CARMEN
325 1079 378 1139 DE
400 1076 536 1139 PtPPlNl
559 1073 675 1137 REGIS
699 1072 887 1137 VICTORIA
908 1074 1084 1138 Avarum
1105 1078 1143 1142 A.
1163 1076 1239 1144 796.

488 1278 521 1314 ex
539 1262 600 1313 cod.
620 1258 695 1329 regio
715 1256 896 1314 Berolinausi.

142 1505 276 1609 Omnes
300 1548 408 1621 gentes
431 1556 508 1620 quas
532 1538 633 1601 fecisti
700 1538 806 1619 Magni
829 1538 913 1619 regis
935 1536 1047 1615 fitium,

142 1644 189 1705 Tu
213 1642 345 1717 Christe,
367 1642 424 1702 Dei
448 1640 587 1715 sobules‚
700 1636 739 1700 Ut
761 1638 843 1700 viam
868 1642 934 1701 eius
958 1640 1126 1703 comitaret

141 1746 256 1807 Terras
279 1743 384 1805 fontes
408 1742 492 1804 rivos
515 1748 638 1804 montes
699 1740 738 1801 Et
759 1729 953 1801 Francorum
977 1742 1087 1805 aciem.

140 1845 181 1907 Et
202 1844 345 1907 formasti
369 1842 549 1919 hominem

138 1948 258 2010 Avares
281 1966 362 2029 quos
384 1944 582 2007 convertistis
699 1943 766 2004 Rex
788 1942 927 2004 accintus
948 1943 1007 2003 Dei
1030 1944 1146 2007 virtute
1225 1994 1228 1998 .

140 2047 265 2109 Ultimis
289 2044 497 2129 temporibus,
698 2043 860 2125 Pippinus‚
883 2063 939 2105 rex
962 2044 1150 2121 catholicus,

698 2144 806 2207 Castra
829 2146 897 2227 figit
919 2165 1017 2225 super
1037 2147 1154 2208 flumen

139 2249 238 2312 Multa
261 2250 344 2313 malo
366 2251 428 2311 iam
452 2248 594 2311 fecerunt
698 2247 822 2308 moiun
843 2248 1045 2308 Danubiurn³

140 2352 188 2411 Ab
212 2350 316 2412 antico
340 2357 494 2429 tempore,
697 2348 849 2408 Hostibus
873 2346 1040 2427 accingens
1064 2353 1166 2410 totum

140 2453 228 2514 Fana
250 2452 309 2513 Dei
334 2453 560 2513 dextruxerunt
697 2446 842 2528 Undique
864 2449 1032 2527 praesidia.

140 2556 243 2635 Atque
267 2552 470 2626 monasteria,

138 2656 224 2718 Vasa
247 2674 343 2716 aurea
367 2660 500 2727 sacrata,
697 2648 880 2730 Unguimeri
903 2650 979 2713 satis
1002 2670 1120 2731 pavens

139 2758 308 2838 Argentea,
330 2754 446 2816 fictitia.
696 2753 874 2811 Avarorum
897 2771 1023 2832 genere,

697 2854 774 2933 Regi
799 2853 908 2915 dicens
931 2855 1006 2915 satis
1029 2856 1130 2918 torte:

139 2959 268 3021 Vestem
292 2964 432 3020 sanctam
455 2955 637 3038 polluerunt
698 2955 741 3015 itt
764 2956 888 3015 Cacurte
905 2956 1055 3033 perdite!

137 3060 186 3121 De
209 3078 262 3119 ara
285 3059 508 3133 sacratissima,
695 3055 799 3136 Atque
823 3053 963 3116 Catunae
985 3054 1107 3117 mulieri

136 3152 334 3229 Linteamina
356 3158 471 3221 levitae
695 3156 883 3217 Maledictae
906 3156 1048 3239 coniugi:

136 3263 176 3323 Et
197 3259 511 3323 sanctaemoniatium

135 3362 344 3425 Muliebribus
369 3362 547 3423 tradatam¹
686 3360 803 3439 Reque
823 3367 931 3421 oestro
953 3363 1179 3422 consumtum!

137 3463 298 3525 Suadente
322 3464 468 3528 demone.
699 3461 785 3523 Ultro
806 3481 868 3523 non
890 3461 1078 3541 sequacitas·
1084 3480 1098 3534 ;

693 3564 799 3641 Reyna
819 3568 925 3623 oestro
946 3564 999 3623 diu
1020 3562 1113 3642 tanqu

134 3664 220 3727 Misit
241 3666 326 3725 Deus
348 3663 472 3726 Petrum
495 3670 649 3743 sanctum,
695 3664 863 3725 Cristicnis
883 3665 1013 3742 tradita,

134 3765 309 3847 Principem
332 3765 522 3846 apostutum
692 3764 872 3843 APippino
896 3766 1069 3828 demolita*

133 3867 169 3930 lu
191 3867 342 3931 auxilium
365 3865 497 3947 Pippini,
691 3866 835 3946 Rincipc
858 3868 1032 3931 cattotico!

133 4022 161 4093 1)
178 4023 198 4077 i.
218 4040 244 4077 e.
262 4030 363 4076 restem
384 4029 503 4075 sancum
523 4031 550 4077 et
568 4023 722 4078 linteamina
743 4022 902 4077 mutieribus
926 4023 1096 4078 tradiderunt
1113 4021 1229 4080 Avares.

131 4094 161 4167 ἢ)
179 4096 234 4149 atos
251 4096 341 4151 addita
362 4094 433 4148 linea
452 4102 602 4149 atramento
622 4114 676 4168 quo
705 4104 732 4149 ct
750 4094 846 4149 ultima
871 4097 997 4151 carminis
1019 4097 1103 4151 rerba
1130 4096 1231 4167 scriptu

132 4176 210 4229 aunt3
228 4168 299 4223 tinea
319 4177 366 4223 aut
384 4184 410 4223 m
429 4166 563 4238 siguificat
581 4176 627 4223 aut
645 4185 725 4223 voces
744 4169 799 4223 otti
816 4171 957 4226 danubium
970 4178 1088 4241 separat.
1126 4167 1153 4239 3)
1169 4169 1230 4241 tege

132 4240 247 4295 atticum
265 4242 422 4298 Danubium.
514 4240 541 4314 o)
568 4241 586 4299 i.
607 4257 632 4297 c.
653 4250 847 4296 consummata.
924 4241 968 4315 ’6)
986 4244 1006 4297 i.
1027 4260 1051 4299 e.
1070 4242 1230 4313 regnabitis.

133 4309 162 4387 7)
181 4312 200 4369 i.
218 4330 241 4367 e.
263 4314 400 4369 demolita.
