3025 4909
446 668 602 747 Barbarus
624 674 734 747 gentes
757 668 880 731 domuit
900 670 1092 746 sevissimos,

449 766 550 849 Cingit
572 786 651 852 quas
673 772 812 845 Drauva,
835 770 970 833 recludit
991 773 1165 847 Danubius,

447 868 555 932 Celent
577 889 655 953 quas
678 871 772 933 iunco
795 873 928 951 paludes
951 873 1117 947 Meotidas,

446 972 537 1035 Ponti
561 980 683 1035 coartat
705 993 785 1054 quas
808 975 892 1034 unda
915 975 1057 1051 salsiflui,

446 1073 675 1136 Dalmatiarum
699 1075 813 1157 quibus
836 1078 941 1138 obstat
962 1079 1130 1153 terminus;

446 1280 562 1340 Turres
586 1266 752 1351 Stratonis,
783 1277 888 1339 limitis
910 1279 1110 1360 principium,

447 1377 585 1441 Scithiae
608 1385 707 1441 metes
729 1378 854 1440 Tratiue
869 1380 922 1461 qui
946 1382 1106 1443 cardinem
1214 1422 1216 1426 .

446 1483 473 1541 A
496 1500 530 1543 se
553 1485 740 1561 sequestrat,
765 1486 900 1563 utraque
915 1480 1051 1543 confinia

446 1582 532 1643 llaec
554 1582 669 1642 Austro
692 1580 805 1655 reddit,
828 1582 908 1644 haec
929 1583 1070 1644 refundit
1093 1585 1232 1661 Boreae3

446 1682 560 1745 Tendit
581 1682 621 1743 ad
645 1689 754 1763 portas
777 1702 859 1765 quae
882 1682 1028 1746 dicuntur
1050 1683 1193 1767 Caspiae.

445 1886 607 1947 Libicum²
630 1883 712 1957 litus,
737 1903 800 1964 quo
816 1886 997 1949 redundant
1017 1888 1126 1962 maria,

446 1986 537 2047 Mons
560 1984 676 2047 inimici
701 1986 877 2049 Laurentus
900 1989 952 2068 qui
976 1988 1099 2064 diceris,

446 2088 512 2148 Vos
536 2106 631 2167 super
654 2105 804 2166 umquam
827 2087 1003 2151 imbertus
1025 2110 1085 2152 nec
1107 2091 1214 2172 pluvia

445 2187 655 2261 Descendunt,
678 2186 775 2247 flores
796 2206 855 2248 nec
876 2188 968 2251 tellus
991 2209 1169 2271 purpureos

447 2288 616 2363 Germinet
640 2288 755 2349 humus
779 2308 838 2349 nec
861 2290 979 2352 fructus
1002 2293 1151 2369 triticeos,

445 2492 550 2554 Ulmus
573 2509 631 2551 nec
653 2490 748 2551 vitem
771 2498 931 2571 gemmato
954 2512 1024 2553 cum
1049 2492 1197 2577 pampino

447 2594 617 2666 Sustentet,
642 2610 718 2653 uvas
742 2593 855 2654 necin
879 2596 975 2656 ramis
999 2598 1145 2675 pendeat,

446 2694 606 2767 Frondeat
626 2694 705 2757 ficus
728 2694 813 2756 sicco
836 2713 964 2776 semper
985 2698 1100 2778 stipite,

445 2798 538 2857 Ferat
560 2814 618 2856 nec
639 2798 737 2857 rubus
760 2795 951 2877 malagranis
974 2800 1099 2879 punica,

446 2899 573 2961 Promal
594 2897 710 2961 irsutus
734 2917 794 2959 nec
816 2900 930 2979 globus
952 2907 1128 2975 castaneas,

445 3099 501 3160 Ubi
525 3100 638 3162 cecidit
660 3100 707 3163 vir
729 3100 820 3162 fortis
843 3100 875 3161 in
899 3100 1023 3181 proelio

447 3201 555 3283 Clipeo
578 3202 691 3275 fructu,
715 3210 879 3264 cruentata
901 3203 1071 3282 rumphea;

444 3303 588 3364 Lanceae
610 3323 733 3365 summo
756 3310 888 3365 retunso
912 3322 982 3365 narn
1006 3304 1121 3378 iaculo,
1207 3364 1210 3369 .

447 3404 572 3483 Sagittis
595 3403 715 3467 fossum
740 3403 847 3465 fundis
869 3424 945 3467 saxa
967 3404 1063 3466 l'nrtia

448 3503 570 3586 Corpus
593 3505 709 3571 iniecta
732 3506 917 3567 contrivisse
940 3505 1061 3570 dicitur.

448 3708 514 3771 Heu
539 3728 589 3768 me
611 3729 705 3792 quam
729 3710 842 3771 durum
865 3728 1025 3791 quamque
1047 3708 1136 3772 triste
1158 3713 1300 3775 nuntium

445 3810 502 3871 llla
524 3812 582 3872 sub
607 3811 658 3871 die
680 3810 825 3872 deflenda
847 3810 1041 3891 percrepuit;

445 3913 522 3972 Nam
546 3911 666 3972 clamor
689 3918 762 3973 ante
785 3913 940 3975 oriendus
962 3933 1017 3993 per
1039 3914 1159 3992 plateas

446 4011 593 4079 Lacrimis
618 4012 729 4091 diguus
752 4014 867 4087 sonuit,
890 4033 983 4096 quam
1008 4015 1106 4077 tristia

445 4114 518 4175 Eius
542 4133 598 4193 per
620 4116 717 4178 verba
740 4132 825 4175 mors
849 4122 933 4177 esset
956 4118 1109 4196 exposita.

275 4281 302 4353 2)
321 4282 463 4336 Liternum
481 4280 571 4350 legere
590 4282 694 4345 malim;
723 4298 786 4335 nam
807 4280 927 4336 liburno
945 4282 973 4335 in
993 4282 1070 4337 litore
1090 4281 1207 4339 Hericus
1225 4286 1380 4349 occiderat,
