3025 4909
513 476 619 547 VlTA
645 473 822 545 KAROLI
849 474 894 543 tt.
1212 480 1234 549 3

149 680 254 751 iussu
283 673 691 774 Stepha11i⁴,ttomani
723 671 929 771 pontificis,
965 674 1159 771 depositus
1192 701 1237 749 ac

149 782 343 871 detonsus,
363 793 474 873 atque
493 777 530 847 in
551 774 824 847 monasterium
838 785 966 847 trusus
986 785 1058 869 est,
1077 779 1237 851 durasse

137 889 309 977 putatur.
363 878 468 965 Quae
493 876 581 948 licet
604 876 641 948 in
665 876 727 947 illo
752 873 856 947 linita
881 877 1003 973 possit
1020 876 1158 970 videri,
1184 891 1236 951 ta-

150 1004 236 1052 men
256 980 331 1053 iam
352 981 488 1051 dudum
509 977 645 1049 nullius
665 976 807 1073 vigoris
827 987 920 1071 erat,
947 1001 1019 1049 nec
1038 978 1251 1076 quicquam.

151 1082 185 1152 in
214 1106 256 1153 se
285 1081 426 1153 clarum
456 1089 606 1175 praeter
632 1077 743 1149 inane
764 1076 865 1173 regis
891 1078 1111 1151 vocabulum
1130 1059 1252 1177 prae·¹

151 1182 314 1274 ferebat,
344 1204 429 1251 narn
460 1189 497 1251 et
521 1203 613 1276 opes
642 1189 678 1249 et
701 1178 868 1275 potentia
896 1178 1003 1275 regni
1029 1204 1148 1276 penes
1174 1206 1238 1280 pa-

152 1283 227 1353 latii
245 1282 477 1378 praefectos,
505 1279 567 1377 qui
587 1279 751 1351 maiores
777 1282 911 1351 domus
939 1279 1173 1376 dicebantur,
1201 1293 1240 1355 et

153 1385 196 1455 ad
217 1408 311 1479 quos
332 1400 480 1453 summa
500 1380 647 1477 imperii
661 1379 884 1476 pertinebat,
902 1384 1148 1475 tenebantur,
1176 1408 1240 1455 ne·

154 1508 224 1580 que
250 1483 329 1579 regi
357 1482 453 1553 aliud
473 1480 764 1577 relinquebatur,
782 1505 894 1578 quam
916 1491 955 1552 ut
969 1481 1074 1577 regio
1092 1491 1240 1556 tantum

154 1584 304 1656 nomine
325 1592 537 1677 contentus,
566 1580 667 1653 crine
687 1582 861 1678 profuso,
887 1585 1000 1655 barba
1020 1584 1239 1680 summissa,

155 1687 246 1757 solio
263 1685 458 1778 resideret,
477 1707 523 1754 ac
538 1682 704 1780 speciem
718 1682 945 1755 doniinantis
958 1681 1170 1782 effingeret,
1188 1686 1240 1758 le-

154 1796 263 1881 gatos
285 1788 533 1880 undecunque
552 1783 749 1857 venientes
769 1783 927 1878 audiret,
955 1785 1085 1882 eisque
1104 1791 1240 1860 abeun-

154 1888 250 1959 tibus
263 1910 447 1982 responsa
458 1908 555 1981 quae
569 1895 648 1956 erat
664 1887 817 1955 edoctus
830 1884 890 1956 vel
905 1884 1018 1957 etiam
1034 1886 1174 1984 iussus,
1196 1914 1240 1961 ex

156 2012 223 2059 sua
238 1987 340 2058 velut
354 1996 541 2084 potestate
556 1988 747 2078 redderet,
776 2009 861 2056 cum
876 1996 1027 2081 praeter
1040 1987 1169 2061 inutile
1185 2014 1241 2063 re·

155 2090 212 2184 gis
232 2092 370 2160 no‘men
391 2099 427 2159 et
447 2086 657 2183 precarium
678 2086 777 2159 vitae
805 2086 1054 2184 stipendium,
1082 2094 1179 2185 quod
1208 2091 1241 2163 ei

157 2189 367 2285 praefectus
388 2188 518 2281 aulae,
546 2197 655 2284 prout
673 2186 887 2281 videbatur,
915 2189 1124 2283 exhibebat,
1152 2191 1242 2262 nihil

156 2290 252 2362 aliud
273 2289 410 2387 proprii
424 2287 661 2385 possideret,
689 2310 802 2382 quam
821 2311 935 2358 unam
961 2299 999 2359 et
1024 2312 1109 2360 eam
1136 2312 1243 2386 prae-

155 2390 259 2487 parvi
280 2390 419 2461 reditus
438 2388 585 2481 villam,
612 2387 743 2484 inqua
769 2390 920 2461 domum
951 2398 988 2461 et
1016 2413 1062 2462 ex
1091 2415 1164 2486 qua
1191 2392 1243 2463 fa-

157 2492 277 2563 mulos
294 2489 362 2561 sibi
379 2488 593 2560 necessaria
616 2487 873 2561 ministrantes
894 2499 1006 2587 atque
1019 2491 1241 2587 obsequium

157 2593 377 2665 exhibentes
393 2613 536 2687 paucae
552 2589 833 2661 numerositatis
848 2590 1018 2662 habebat.
1056 2590 1243 2677 Quocum-

158 2718 229 2789 que
250 2694 412 2765 eundum
432 2701 525 2785 erat,
546 2686 724 2787 carpento
743 2690 831 2782 ibat,
850 2694 947 2787 quod
960 2696 1080 2765 bubus
1094 2692 1244 2790 iunctis,

161 2804 197 2865 et
216 2793 374 2865 bubulco
395 2791 534 2863 rustico
554 2815 659 2871 mone
680 2802 831 2888 agente,
858 2793 1097 2889 trahebatur,
1124 2795 1180 2869 sic
1198 2801 1243 2870 ad

158 2894 355 2991 palatium,
394 2894 448 2965 sic
476 2894 521 2965 ad
548 2892 737 2989 publicum
766 2894 891 2990 populi
919 2894 975 2965 sui
1004 2909 1244 2994 conventum,

159 2995 219 3089 qui
248 2994 440 3067 annuatim
461 2998 507 3065 ob
527 2994 634 3089 regni
655 2993 850 3067 utilitatem
871 2996 1149 3093 celebrabatur,
1176 2998 1244 3096 ire,

159 3095 213 3166 sic
232 3098 383 3168 domum
405 3094 525 3165 redire
545 3095 708 3168 solebat:
728 3094 799 3167 ad⁵
818 3096 924 3190 regni
944 3096 1247 3171 amministratio·

160 3222 246 3268 nem
275 3208 312 3269 et
339 3194 463 3267 omnia
485 3217 580 3289 quae
607 3194 668 3265 vel
695 3194 794 3265 domi
822 3194 882 3266 vel
908 3196 997 3268 foris
1026 3202 1172 3293 agenda
1200 3226 1246 3275 ac

161 3298 392 3393 disponenda
414 3305 533 3388 erant,
559 3295 775 3392 praelectus
795 3296 903 3367 aulae
921 3303 1157 3394 procurabat.

261 3401 293 3469 2.
347 3398 428 3484 Quo
457 3392 579 3466 officio
612 3407 692 3467 tum
728 3421 813 3469 curn
840 3396 1049 3470 Hildericus
1082 3400 1246 3496 depone·

161 3500 288 3588 batur,
316 3498 514 3593 PippinuS,
543 3506 649 3592 pater
665 3496 790 3567 Karoli
818 3497 939 3593 regis,
967 3498 1041 3569 iam
1062 3500 1165 3573 velut
1182 3504 1247 3575 he-

160 3594 334 3667 reditario
354 3599 588 3693 fungebatur.
640 3596 734 3669 Nam
755 3607 863 3694 pater
880 3597 962 3669 eius
979 3598 1157 3697 Karolus,
1184 3606 1244 3700 qui

160 3708 339 3790 tyrannos
360 3722 435 3794 per,
454 3706 570 3769 totam
590 3696 786 3769 Franciam
811 3699 1043 3771 dominatum
1072 3702 1139 3777 sibi
1169 3706 1246 3777 vin-

160 3798 328 3870 dicantes
349 3796 550 3895 oppressit,
579 3807 616 3869 et
633 3797 864 3873 Sarracenos
883 3800 1041 3874 Galliam
1062 3810 1247 3905 occupare

160 3982 189 4067 4)
214 3980 366 4043 Zacharia
390 3988 525 4055 mortuo,
549 3989 716 4063 antequam
740 3985 826 4045 iussu
850 3985 916 4045 eius
935 3985 1085 4065 Pippinus
1107 3987 1262 4051 cor·0na-'

161 4076 262 4139 retur,
296 4064 472 4145 Stephanus
506 4067 716 4127 antecessoris
749 4067 796 4127 sui
829 4070 1008 4129 mandatum
1042 4070 1248 4135 confirmasse

162 4150 320 4228 putandus
344 4158 400 4211 est.
443 4147 487 4207 lta
512 4158 542 4210 et
565 4157 676 4211 auctor
697 4148 861 4229 fragmenti
886 4152 1046 4214 Urstisiani
1071 4154 1134 4235 (SS.
1157 4158 1190 4221 t.
1208 4158 1246 4224 ll.

162 4252 190 4309 p.
214 4233 273 4314 76.)
300 4243 438 4295 nostruin
462 4231 624 4293 intellexit.
669 4234 714 4293 De
737 4236 873 4297 secunda
895 4234 1016 4316 Pippini
1040 4241 1248 4304 coronatione

163 4317 214 4375 hic
239 4318 364 4377 minime
387 4316 499 4396 agitur.
586 4316 614 4399 5)
640 4318 658 4381 i.
683 4338 709 4381 e,
733 4328 776 4382 ut.
