3025 4909
532 811 537 825 ⁸
569 863 711 926 inetur
731 862 932 928 reinerus
955 842 1117 927 iunoni.

626 1026 636 1061 ·“
681 1132 683 1135 ¹
780 1048 816 1111 Α.
838 1047 910 1112 814.

485 1242 516 1277 ex
536 1225 613 1278 codd.
637 1222 794 1286 Veronensi,
814 1220 958 1275 parisiensi
979 1230 1005 1274 et
1023 1220 1202 1274 Brnsellensi.

412 1430 416 1436 ’
470 1399 512 1501 Α
534 1431 612 1493 solis
636 1438 704 1491 ortu
729 1430 892 1511 usquead
917 1430 1049 1491 occiduo
1186 1510 1190 1517 .

468 1534 573 1594 Litora
597 1530 690 1593 maris
713 1531 857 1610 planctus
878 1531 984 1609 pulsat
1007 1539 1146 1611 pectora.

637 1632 705 1693 Heu
729 1632 805 1691 mihi
830 1631 962 1693 misero!

468 1799 555 1860 Ultra
577 1800 697 1860 marine
721 1799 846 1883 agmine
871 1796 996 1859 tristitia

468 1900 578 1979 Tetigit
600 1900 710 1979 iugens
734 1920 805 1961 eum
828 1918 954 1961 merore
977 1899 1084 1962 nimio.

639 2001 707 2060 Heu
732 2000 806 2061 mihi
830 2000 963 2061 misero!
1014 2012 1021 2025 ‘

470 2166 590 2242 Frunoi,
614 2166 746 2226 Romani
770 2175 865 2245 atquo
889 2164 991 2226 cuncti
1016 2165 1134 2227 creduli

470 2271 568 2330 Lnolu
592 2274 774 2348 punguntur
796 2277 827 2327 el
849 2287 961 2345 inagna
985 2266 1144 2331 molestia.

641 2369 709 2430 Heu
734 2368 808 2428 mihi
832 2370 962 2430 misero!

421 2618 423 2622 Ι
472 2535 620 2609 inientes,
645 2554 747 2609 senes,
772 2535 902 2614 gloriosi
927 2531 1079 2614 presules,

474 2636 637 2696 Matronae
662 2636 814 2715 plangunt
836 2636 1057 2696 detrimentum
1081 2636 1234 2698 caesaris.
1321 2669 1324 2671 v

639 2738 710 2798 Heu
733 2735 810 2796 mihi
833 2738 969 2798 miserol

474 2904 601 2963 lamiam
625 2922 689 2962 non
714 2909 837 2964 cessant
859 2903 1058 2963 lacrimarum
1081 2902 1228 2978 fluminn;

474 3005 548 3064 Nem
573 3003 692 3084 plangit
714 3005 801 3068 orbis
823 3004 981 3064 interitum
1004 3003 1122 3064 Karoli.

643 3104 711 3165 Heu
735 3104 811 3164 mihi
835 3104 967 3166 misero!

475 3271 567 3331 Peter
592 3272 768 3332 communis
791 3270 974 3332 orfanorum
1000 3269 1150 3341 omnium,

475 3372 728 3452 Peregrinornm‚
754 3372 929 3446 viduorum,
951 3372 1116 3450 virginum,
1137 3403 1180 3447 ·.·

648 3474 714 3534 Heu
737 3471 814 3532 mihi
837 3471 972 3533 miserol

477 3638 607 3714 Christe,
631 3638 791 3697 caelorum
816 3639 869 3717 qui
892 3641 1049 3717 gubernes
1072 3637 1210 3719 agmine,

477 3742 545 3799 Tuo
569 3741 598 3799 in
622 3757 721 3817 reguo
747 3738 785 3795 de
810 3740 952 3818 requiem
975 3740 1115 3815 Kerolo;
1139 3774 1179 3785 -

646 3837 715 3897 Heu
738 3838 813 3897 mihi
837 3839 968 3903 misero!

479 4005 549 4067 Hoc
572 4012 705 4085 poscunt
728 4024 839 4065 omnes
863 4004 974 4067 fideles
998 4012 1029 4068 et
1050 4005 1180 4078 creduli,

479 4105 549 4167 Hoc
570 4106 669 4167 sancti
694 4126 797 4179 senes,
822 4106 933 4168 ridu'ee
956 4116 986 4169 et
1008 4107 1178 4196 virgines„

649 4208 716 4268 Heu
741 4206 815 4267 mihi
839 4208 970 4271 miserol
