3025 4909
660 454 945 546 trecenario(

350 675 559 746 Einhardus
580 698 718 745 nomen
738 674 797 744 cui
816 674 964 768 genitor
983 676 1149 745 dederat.

300 776 455 873 Ingenio
492 774 553 846 hic
588 776 777 873 prudens,
822 779 962 871 probus
1006 786 1091 845 actu
1127 787 1238 873 atque
1276 800 1344 851 ora

763 949 767 953 J
959 875 1146 948 facundus

352 975 519 1072 exstitit,
545 998 591 1047 ao
610 974 736 1047 multis
757 985 837 1046 arte
856 975 925 1046 fuit
944 975 1054 1047 utilis.

303 1080 426 1165 Quem
446 1078 602 1152 Carolus
623 1076 800 1174 princeps
820 1076 971 1174 propria
989 1076 1143 1149 nutrivit
1161 1078 1197 1149 in
1218 1075 1316 1177 auia,

353 1180 425 1251 Per
444 1202 556 1275 quem
577 1189 614 1249 et
634 1177 795 1248 confecit
814 1178 929 1248 multa
951 1177 1043 1250 setis
1063 1201 1189 1274 opera.

302 1281 395 1351 Nam
433 1281 567 1351 horum
605 1288 821 1350 sanatorum
866 1278 1052 1375 condigno
1093 1280 1242 1353 funmus
1280 1284 1344 1353 ho-

962 1403 1054 1451 nore

354 1480 562 1577 Exquirens
582 1480 725 1551 Romae
746 1503 903 1576 corpora
922 1480 1025 1551 duxit
1044 1491 1079 1551 et
1099 1481 1185 1577 huc,

304 1583 351 1654 Ut
369 1582 496 1653 multis
516 1581 662 1678 prosint
679 1580 854 1679 precibus
875 1604 1039 1677 curaque
1060 1583 1243 1677 medelae,

355 1684 552 1780 Ipsiusque
573 1682 721 1754 animae
741 1705 859 1776 regna
881 1681 953 1778 poli
972 1682 1144 1754 tribuant.

306 1784 455 1873 Christe
506 1784 630 1879 Deus,
682 1782 877 1853 hominum
932 1782 1099 1853 salvator
1140 1794 1264 1855 rector
1307 1797 1345 1857 et

963 1892 1105 1974 auctor,

356 1987 558 2057 Aeternam
591 1983 679 2054 huic
705 1982 874 2078 requiem
903 1982 949 2052 da
977 2006 1092 2081 super
1120 1975 1343 2081 ostrapius.

254 2083 389 2155 Fuerat
406 2082 612 2155 Einhardus
631 2090 775 2156 statura
795 2083 927 2177 brevis,
955 2084 1019 2155 seri
1044 2083 1214 2157 ardorem
1233 2088 1346 2157 animi

257 2190 420 2277 corporis
467 2185 627 2279 upiiitate
674 2184 903 2277 exprimebat.
980 2183 1093 2255 Extat
1131 2209 1176 2255 ea
1223 2185 1267 2258 de
1306 2210 1345 2257 re

256 2288 494 2357 testimonium
529 2284 706 2372 Theoduttt
744 2285 898 2377 episcopi
924 2281 1203 2377 Aurelianensis,
1244 2290 1344 2359 cuius

256 2384 509 2475 „Nurduiuffl
551 2384 786 2456 Einar·rtulum
826 2384 1073 2455 abbreviatum
1112 2383 1188 2457 csse
1226 2388 1344 2459 credo.

256 2482 403 2556 Alcaico
424 2485 580 2557 Beseteei
598 2486 717 2577 audit,
746 2485 794 2555 (ab
813 2486 967 2576 artifice,
995 2508 1097 2579 quem
1126 2486 1252 2559 arcam
1271 2489 1345 2572 foe-

257 2583 353 2655 deris
372 2585 581 2673 (aedificasse
600 2586 757 2680 iepimus.

360 2684 478 2757 Talem
507 2688 632 2778 airum,
660 2687 690 2757 si
708 2684 895 2755 historiam
922 2684 979 2753 sui
1005 2689 1176 2777 ternporis
1192 2688 1345 2759 scriben-

258 2782 343 2855 dum
370 2786 438 2857 sibi
461 2792 694 2879 proponeret,
730 2807 820 2877 opus
853 2807 972 2855 rerum
1006 2788 1111 2878 copia
1148 2794 1183 2859 et
1207 2788 1347 2860 dicendi

257 2892 390 2957 ornatu
418 2888 583 2957 onimium
611 2885 787 2957 editurum
803 2886 925 2978 luisse,
952 2885 1060 2967 facile
1084 2889 1230 2981 quisque
1246 2888 1346 2959 intel-

256 2984 340 3079 Iipit.
392 2986 656 3081 Amplissimum
675 2984 852 3057 scribendi
876 2988 1065 3057 materiam
1091 2987 1123 3069 ei
1139 2990 1346 3082 suppetisse,

257 3110 300 3156 eu
330 3110 443 3179 supra
478 3086 600 3158 uitatis
632 3087 743 3181 iisque
778 3108 869 3179 puae
904 3082 947 3154 rie
982 3111 1019 3157 se
1053 3089 1131 3178 ipso
1166 3095 1272 3182 utque
1303 3090 1347 3161 dc

258 3186 414 3279 epistolis
442 3187 553 3283 (quas
573 3194 695 3259 entare
715 3186 825 3281 (licit)¹
846 3192 881 3256 et
901 3183 1138 3279 iepationibus
1164 3188 1215 3259 ad
1238 3192 1346 3283 impe-

259 3294 417 3359 ratorem
445 3288 589 3360 directis
621 3290 825 3380 profitetur,
861 3288 983 3379 patet,·
1023 3294 1058 3358 et
1089 3290 1248 3359 ueritatis
1274 3314 1347 3361 non

258 3390 374 3459 minus
400 3388 597 3459 studiosum
627 3411 735 3482 qutun
770 3410 942 3479 capacem
975 3386 1011 3457 in
1047 3389 1242 3470 referendis
1275 3391 1347 3462 cia·

258 3488 360 3559 cliuus
378 3489 602 3561 Francorum
630 3494 663 3558 et
687 3489 793 3572 fama
819 3488 967 3558 sinistra
994 3488 1037 3558 'de
1054 3488 1183 3560 Karoii
1205 3489 1348 3577 filiabus

260 3610 304 3659 aa
332 3588 637 3660 coniurationibus
663 3592 810 3680 propter
828 3588 1018 3657 immanem
1041 3589 1247 3662 Fastructae
1267 3615 1346 3662 eru·

258 3688 437 3760 delitatenr
458 3691 590 3761 exortis
610 3686 848 3781 apposuimus.

357 3788 413 3859 En
440 3788 605 3881 operibus
633 3791 726 3877 eius,
763 3810 855 3881 puae
882 3787 990 3858 modo
1018 3796 1160 3882 entant,
1195 3791 1348 3862 annates

261 3889 295 3961 Τ.
327 3888 353 3958 Ι.
382 3888 694 3960 Monumentornrn
722 3887 916 3979 edidimus,
955 3890 1111 3981 epistolis
1137 3896 1170 3961 et
1194 3889 1346 3962 historio

257 3988 508 4061 translationis
548 3986 614 4059 SS.
655 3986 855 4059 Marcellini
895 3995 930 4058 et
961 3989 1060 4060 Petri·
1093 3994 1128 4059 in
1164 3998 1346 4081 posterum

257 4092 431 4183 repositis.
487 4090 618 4177 Quibus
646 4094 765 4159 tarnen
798 4088 873 4158 Vita
898 4089 1027 4162 Karoii
1053 4089 1153 4182 inruat
1179 4092 1348 4186 aequales

256 4198 290 4261 et
309 4190 408 4285 apud
421 4192 560 4285 posteri
574 4191 651 4261 aeui
665 4187 824 4259 homines
838 4188 1002 4283 palmam
1017 4192 1223 4284 praeripuit
1228 4220 1242 4283 ,·
1261 4217 1346 4264 narn

253 4316 317 4362 nec
336 4291 441 4363 uilius
458 4315 523 4386 per
542 4292 693 4362 medium
713 4312 840 4360 aeuum
861 4292 1028 4381 historici,
1047 4289 1163 4363 Paulo
1182 4292 1348 4365 Diacono
