3025 4909
285 461 306 531 2
383 498 385 504 2
709 462 934 535 ElNHARDl

284 668 480 756 perpetua,
507 671 706 758 postquam
727 662 764 733 in
785 663 869 734 aula
895 662 977 735 eius
1003 663 1220 736 conver·sa1i
1252 664 1373 776 coepi,

285 784 369 832 cum
393 759 476 858 ipso
502 785 546 833 ao
570 762 696 835 liberis
723 763 805 835 eius
831 762 1013 858 amicitia,
1041 788 1112 862 qua
1139 788 1201 835 me
1226 764 1275 835 ita
1303 764 1371 836 sibi

213 945 215 951 ,
284 860 462 957 devinxit,
488 862 772 961 debitoremque
788 873 867 936 tam
885 888 971 936 vrvo
990 888 1104 962 quam
1119 874 1266 937 mortuo
1285 888 1373 936 con
1472 874 1479 884 ‘

285 961 417 1058 stituit,
444 973 484 1034 ut
503 963 636 1036 merito
655 965 827 1062 ingratus
845 964 963 1036 videri
982 975 1021 1036 et
1034 964 1188 1037 iudicari
1203 989 1372 1063 possem,

284 1063 316 1135 si
350 1072 405 1134 tot
440 1064 750 1138 beneficiorum
740 1090 778 1136 m
812 1089 874 1137 mc
909 1064 1168 1137 collatorum
1158 1089 1373 1158 immemor,

286 1163 494 1236 clarissima
523 1176 560 1237 ct
586 1166 839 1239 illustrissima
865 1166 1030 1238 hominis
1061 1166 1202 1262 optime
1236 1169 1283 1239 de
1310 1190 1373 1238 me

285 1265 407 1336 meriti
427 1274 536 1362 gesta
556 1267 704 1339 silentio
724 1267 984 1380 praeterirem,
1012 1276 1238 1379 patererque
1257 1266 1372 1338 vitam

285 1366 380 1459 eius,
408 1367 515 1463 quasi
542 1368 603 1464 qui
632 1392 823 1466 nunquam
858 1368 1012 1462 vixerit,
1046 1367 1130 1439 siue
1161 1367 1295 1439 litteris
1327 1390 1373 1438 ac

284 1467 405 1539 debita
427 1467 536 1540 laude
556 1492 721 1541 manere
775 1469 842 1542 Cui
869 1440 1093 1541 scribendae
1119 1479 1233 1565 atque
1258 1468 1371 1565 expli-

286 1570 427 1639 candae
446 1592 521 1639 non
541 1592 668 1640 mcum
687 1569 939 1667 ingeniolum,
968 1573 1066 1667 quod
1094 1569 1191 1641 exile
1222 1579 1261 1641 et
1290 1592 1373 1666 par-

284 1692 388 1761 vum,
416 1669 532 1740 immo
562 1694 683 1767 paene
709 1671 859 1742 nullom
879 1681 958 1765 est,
985 1673 1053 1742 sed
1072 1670 1281 1743 Tullianam
1304 1694 1374 1767 par

286 1779 366 1840 erat
384 1772 569 1842 desudare
588 1771 812 1843 facundiam.
864 1772 919 1844 En
938 1771 1002 1843 tibi
1022 1771 1178 1857 librum,
1206 1766 1373 1884 praeola-

285 1869 423 1941 rissirni
445 1881 482 1942 et
501 1871 653 1943 maximi
682 1872 749 1943 viri
780 1872 1003 1943 memoriam
1032 1871 1309 1966 continentem,
1336 1872 1372 1942 in

285 1994 358 2085 quo
386 1981 538 2068 praeter
564 1971 662 2044 illius
689 1973 788 2045 facta
823 1997 896 2043 non
934 1983 995 2045 est
1029 1975 1127 2085 quod
1162 1970 1373 2065 admireris,

286 2071 356 2143 nisi
377 2072 484 2167 forte,
511 2076 607 2168 quod
633 2074 747 2145 homo
772 2073 975 2147 barbarus¹
1002 2083 1040 2145 et
1065 2073 1103 2144 in
1122 2073 1292 2145 Romana
1322 2073 1374 2143 lo·

285 2172 434 2245 cutione
454 2196 655 2273 perparum
675 2174 915 2267 exercitatus,
943 2173 1107 2276 aliquid
1107 2198 1168 2245 me
1194 2176 1374 2245 decenter

285 2284 349 2345 aut
368 2278 566 2348 commode
585 2274 698 2348 latine
727 2275 893 2349 scribere
917 2297 1035 2372 posse
1060 2262 1292 2387 putaverim,
1320 2285 1373 2345 at·

286 2398 359 2471 que
390 2376 427 2447 in
458 2386 600 2448 tantam
629 2376 902 2474 impudentiam
928 2375 1188 2474 proruperim
1222 2374 1372 2447 utillud

285 2475 476 2548 Ciceronis
495 2474 666 2574 putarem
695 2478 1035 2570 contemnendum,
1063 2476 1199 2572 quod
1189 2501 1227 2547 m
1253 2474 1373 2573 primo

284 2576 581 2648 Tirscutanarum
609 2576 739 2673 tin1·0²,
772 2601 859 2648 cum
886 2581 934 2648 de
959 2576 1102 2649 Latinis
1130 2576 1373 2675 scriptoribus

285 2677 513 2774 loqueretur,
532 2678 582 2748 ita
601 2678 740 2751 dixisse
758 2677 915 2775 legitur:
951 2676 1132 2749 Mundore
1148 2700 1374 2773 paremquum,

283 2778 415 2875 inquit,
434 2779 558 2851 titteris
575 2782 810 2874 copituiiones
827 2802 926 2869 suos,
946 2781 1006 2873 qni
1022 2802 1088 2850 eos
1105 2802 1169 2849 nec
1186 2778 1376 2871 disponere

190 2956 195 2963 ,
284 2902 347 2950 nec
371 2880 553 2951 illustrare
573 2883 707 2974 possit,
733 2905 798 2952 neo
822 2880 1056 2952 delectatione
1081 2878 1206 2977 utiquo
1232 2877 1375 2949 uliicere

285 2980 461 3072 tectorem,
488 2980 642 3052 hominis
667 2988 720 3053 est
741 2983 1020 3073 intemperanter
1044 2979 1222 3051 abutentis
1245 2984 1281 3049 et
1301 2980 1375 3049 otio

285 3086 321 3149 rt
335 3080 469 3153 litteris.
505 3080 656 3153 Poterat
674 3081 825 3178 quidem
846 3082 941 3153 haec
954 3079 1114 3152 oratoris
1129 3078 1273 3176 egregii
1289 3102 1375 3151 sen·

286 3180 401 3252 tentia
424 3206 485 3253 me
514 3206 535 3253 a
559 3183 757 3255 scribendo
782 3185 994 3277 deterrere,
1022 3181 1094 3253 nisi
1118 3180 1246 3252 animo
1269 3202 1376 3276 prae-

288 3282 506 3354 meditatum
528 3283 722 3377 haberem,
750 3282 947 3353 hominurn
966 3280 1102 3354 iudicia
1119 3280 1244 3379 potius
1265 3303 1376 3378 expe-

285 3382 367 3475 riri,
401 3392 440 3455 et
466 3382 663 3456 scribendo
691 3383 871 3478 ingenioli
898 3382 973 3454 mei
1000 3382 1208 3479 periculum
1236 3383 1375 3473 tacere,

286 3482 498 3579 quarntunti
511 3483 576 3555 viri
590 3484 826 3579 memoriam,
842 3482 932 3556 mihi
942 3485 1145 3580 parcendo,
1159 3482 1375 3583 praeterire.

496 3784 605 3857 VITA
631 3784 809 3858 KAROLI
835 3782 1165 3858 inruunrouls.
1261 3849 1265 3856 .

386 3986 515 4059 Gens³
534 3986 851 4082 Merovingorom,
869 3987 916 4057 de
936 4009 1009 4081 qua
1027 3984 1157 4057 Franci
1177 4006 1290 4079 reges
1306 3982 1374 4054 sihi

286 4112 418 4161 creare
438 4088 535 4161 soliti
555 4098 674 4184 erant,
704 4086 879 4185 usquein
900 4085 1128 4158 Hildericum
1148 4108 1293 4181 regern,
1313 4084 1374 4180 qui

288 4226 315 4307 1)
341 4228 359 4286 i.
384 4246 412 4287 e.
433 4226 622 4298 (ianuarium
646 4224 685 4288 cs.
707 4220 848 4283 Suetonii
870 4218 1000 4296 Goiigul.
1024 4241 1050 4283 c.
1072 4224 1119 4283 47.
1205 4222 1234 4298 2)
1260 4238 1330 4298 cap.
1346 4222 1377 4282 3.

286 4310 315 4391 3)
340 4310 379 4372 ri.
403 4310 545 4372 Siretouii
569 4310 742 4389 Augustum
766 4330 791 4370 c.
816 4306 842 4368 i.
