3025 4909
523 433 631 505 VITA
656 433 834 514 annau
860 432 907 504 Μ.
1214 436 1262 516 86

165 636 373 721 christianis
398 656 497 710 neore
516 636 558 707 in
577 654 680 707 usum
704 656 904 727 pauperum
931 634 1057 717 fuisset
1083 641 1262 729 drouula5

165 743 303 833 peiurio
327 734 570 813 simili-maela
597 737 739 809 nomiae
766 734 981 806 elemosinae
1009 736 1048 810 ia
1074 754 1261 813 servorum

165 844 203 909 et
220 835 435 912 ancillarum
455 834 577 913 asilus
593 834 723 927 palatii
748 833 1008 918 fecneulontium
1034 837 1261 910 sustentatio·

164 960 246 1015 acm
284 933 474 1009 distributa
515 936 655 1005 ueniret.
732 932 789 1005 del
833 933 928 1004 hanc
971 936 1115 1015 tertiam
1154 937 1262 1011 totins

165 1050 332 1112 summae
356 1037 570 1129 portionem,
598 1057 690 1128 quae
707 1032 868 1107 similiter
890 1039 1086 1112 nicoterae
1104 1057 1148 1106 ec
1167 1054 1261 1109 autu

164 1142 371 1230 stanpento
389 1140 553 1228 constat,
584 1134 733 1229 adiunpi
760 1132 871 1204 uoluit
895 1134 1017 1206 omnio
1044 1156 1088 1205 eo
1115 1158 1200 1207 aere
1225 1141 1263 1217 a

77 1250 82 1256 '
162 1239 264 1323 fer-ro
293 1236 440 1332 aliisque
465 1234 617 1307 metallis
645 1256 738 1305 oasa
766 1240 873 1327 atque
900 1234 1065 1307 utensilia
1092 1258 1173 1305 cum
1199 1260 1260 1307 ar-

162 1340 282 1411 mis‘et
301 1338 453 1409 aestibus
473 1334 632 1428 alioque,
661 1340 725 1405 aut
747 1336 904 1426 pretioso
931 1340 997 1405 aut
1021 1334 1097 1425 oili,
1126 1334 1178 1405 ad
1195 1358 1260 1411 aa·

163 1440 240 1512 rios
258 1460 344 1509 usus
370 1438 471 1519 l'acto
497 1432 736 1527 suppellectili,
765 1440 805 1505 ut
821 1440 905 1505 sunt
921 1432 1133 1527 eortinae82,
1160 1441 1257 1507 stro·

163 1538 263 1631 pala,
291 1535 444 1628 tapetia,
472 1531 619 1625 filtrossl,
647 1535 761 1626 coria,
789 1530 1012 1627 sapmatassl,
1041 1534 1259 1627 etquiequid

162 1639 200 1709 in
232 1659 379 1709 camera
406 1640 514 1728 atque
539 1635 707 1705 vestiario
736 1635 811 1705 eins
838 1658 880 1703 eo
908 1633 963 1704 die
985 1635 1111 1716 suisset
1137 1636 1257 1705 incen-

163 1742 258 1828 tum,
296 1743 334 1805 nt
359 1758 401 1805 eo
425 1734 493 1805 leoc
523 1736 681 1805 saniores
712 1733 805 1804 illias
834 1735 952 1825 partis
984 1734 1173 1805 divisiones
1197 1738 1257 1821 tie-

163 1841 261 1927 rent,
290 1841 324 1905 et
340 1837 503 1929 eropatio
523 1834 736 1905 elemosinae
764 1833 815 1904 ad
835 1833 960 1925 plures
983 1836 1166 1925 peruenire
1191 1858 1257 1925 po—

162 1938 294 2010 tuisset.
339 1934 535 2028 Capellam,
562 1933 600 2004 id
618 1940 672 2005 est
689 1933 990 2005 aecclesiasticum
1010 1935 1256 2027 antesisterium,

160 2040 239 2110 tuns
258 2035 296 2105 id
313 2035 409 2129 quod
426 2036 500 2127 ipse
518 2036 601 2119 tecit
620 2041 726 2128 atque
745 2035 994 2127 conprepooit,
1024 2057 1132 2127 acram
1160 2034 1258 2127 quod

164 2135 215 2205 od
242 2158 321 2207 eum
350 2158 392 2205 ea
415 2142 571 2227 paterna
598 2134 793 2207 hereditate
810 2134 984 2225 peruenit,
1013 2140 1053 2202 ut
1079 2135 1254 2227 intepram

159 2242 271 2327 esset,
299 2258 409 2329 aeque
429 2234 502 2307 alla
523 2236 693 2305 diuisione
711 2234 944 2325 scinderetur,
973 2232 1162 2303 ordinarit.
1216 2234 1257 2305 Si

162 2357 233 2427 quo
267 2341 386 2404 autem
418 2336 657 2403 invenirentur
685 2340 748 2403 aut
774 2356 866 2402 vasa
894 2338 958 2402 ocrt
977 2331 1065 2401 libri
1091 2339 1154 2401 aut
1179 2333 1255 2405 alia

162 2440 399 2525 ornamenta,
438 2457 531 2527 quoe
569 2432 702 2527 liquido
743 2438 929 2503 constaret
945 2432 1064 2504 'eidem
1090 2431 1254 2525 capellae

161 2533 208 2605 ab
228 2556 268 2605 eo
289 2533 434 2605 conlato
451 2542 524 2604 aon
543 2534 665 2625 tuisse,
692 2532 781 2603 leaeo
798 2536 858 2626 qui
875 2531 1007 2602 trabere
1026 2531 1136 2625 vellet,
1164 2532 1254 2604 dato

160 2635 276 2707 iustae
296 2635 555 2706 aestimationis
571 2634 730 2725 praetio,
758 2639 887 2703 emeret
906 2638 939 2701 et
955 2631 1110 2702 liaberet.
1146 2630 1253 2715 Simi-

158 2732 239 2803 liter
275 2738 310 2803 et
343 2731 386 2803 de
422 2732 537 2825 libris,
574 2756 724 2826 quorum
762 2756 933 2825 arcanam
969 2735 1006 2802 in
1042 2732 1252 2808 bibliotheca

158 2856 228 2903 saa
256 2834 397 2925 copiam
424 2835 675 2926 conprepaoit,
711 2836 856 2922 statuit,
890 2840 931 2902 ut
955 2833 1000 2901 atr
1027 2831 1081 2901 leis
1106 2834 1166 2926 qui
1191 2857 1251 2903 eos

158 2932 291 3003 habere
318 2932 461 3025 uellent,
498 2936 589 3002 iusto
612 2934 728 3025 pretio
754 2935 904 3016 fuissent
931 2931 1121 3024 redempti,
1146 2956 1252 3024 prae-

158 3034 315 3127 tiumque
332 3035 368 3103 in
385 3034 605 3126 pauperibus
625 3040 822 3127 eropotum.
876 3031 972 3101 Inter
997 3038 1161 3102 caeteros
1180 3032 1252 3102 tie-

156 3154 291 3203 sanros
329 3140 435 3227 atque
474 3134 666 3226 peccunias
704 3139 776 3203 tres
813 3154 957 3202 mensas
990 3138 1181 3225 arpenteos
1219 3136 1253 3202 et

158 3254 311 3303 ituream
344 3255 454 3303 unam
470 3234 703 3325 praecipuae
738 3230 994 3328 rnerpaitudinis
1021 3237 1057 3301 et
1080 3229 1252 3325 parideris

159 3354 235 3420 esse
265 3340 418 3425 cormtat.
470 3332 523 3403 De
554 3332 681 3426 aniius
710 3333 838 3403 statuit
869 3338 975 3425 estque
1006 3330 1175 3418 decrescit,
1211 3336 1254 3428 ut

158 3454 234 3506 urea
252 3455 295 3501 ec
312 3432 384 3525 luis,
421 3456 512 3527 quae
530 3434 651 3517 formo
671 3432 940 3526 quadranpulo,
978 3430 1251 3523 descriptionem

157 3530 257 3601 urbis
301 3532 721 3625 Constantinopolitanae
771 3533 943 3620 eontinet,
996 3531 1087 3600 inter
1130 3538 1251 3601 cetera

157 3629 318 3701 donaria
350 3655 440 3725 qaae
476 3633 525 3704 od
559 3633 627 3704 leoc
663 3632 841 3723 deputata·
873 3635 970 3721 sunt,
1014 3629 1168 3702 Romam
1200 3630 1252 3702 ad

158 3728 347 3802 basilicam
381 3730 477 3801 lreati
505 3732 601 3803 Petri
632 3731 789 3825 apostoli
819 3729 1022 3822 deferatur,
1060 3730 1250 3824 etaltera,

157 3853 251 3924 quae
281 3832 405 3915 forma
437 3831 615 3923 rotunda,
652 3832 840 3902 Romanae
872 3831 970 3902 urbis
1002 3833 1117 3925 effipie
1148 3832 1251 3903 deeo-

156 3937 242 4003 rata
274 3937 344 4023 est,
387 3933 562 4024 episcopio
594 3932 816 4003 Ravennatis
852 3931 1048 4002 aecclesiae
1084 3933 1251 4015 consera-

155 4082 207 4165 82)
232 4083 311 4156 velo,
332 4083 484 4163 pardiaco
507 4084 694 4163 germanice.
780 4082 833 4166 83)
855 4083 952 4163 panni
969 4083 1051 4145 lanei
1068 4103 1177 4163 genus,
1199 4078 1254 4163 fitz

155 4167 343 4259 germanice.
430 4166 480 4247 84)
505 4173 648 4246 sagmata
665 4174 734 4229 sunt
748 4166 855 4245 sellae,
879 4167 978 4229 sellae
995 4168 1164 4246 impositae
1176 4186 1252 4230 scr-

155 4265 262 4323 ornae,
286 4256 350 4310 tum
374 4270 459 4312 vaso.
