3025 4909
252 409 315 467 vm
661 404 931 479 PRAEFATIO.

248 614 294 683 ab
321 614 539 706 imperatore
562 609 668 703 petiit.
724 606 803 695 (lua
830 609 1043 701 impetrata,
1070 632 1189 683 meuse
1206 610 1341 686 Martia

248 711 513 785 lllulinlreimum
545 731 583 780 se
615 709 752 801 recepit.
812 706 886 779 Sed
916 732 1023 803 quum
1055 732 1130 783 rem
1156 712 1341 806 publicam

247 812 465 897 factionibus
496 814 711 905 quassatam
748 809 785 877 ia
815 806 960 880 diuersa
989 810 1080 893 ferri
1109 806 1338 906 conspiceret,

248 939 365 987 meuse
392 909 505 1007 Aprili
530 909 583 981 ael
610 907 709 979 Maio
734 906 918 979 Hlotlrarii
943 911 1171 1002 imperatoris
1196 937 1240 984 ea
1266 913 1339 983 lla·

247 1016 296 1085 liu
325 1012 465 1085 reducis
490 1009 703 1105 colloquium
728 1010 891 1101 eapetiit5
918 1014 951 1079 et
974 1015 1102 1103 postea
1129 1020 1339 1084 conventum
1373 1026 1376 1031 ’

246 1116 343 1186 illum
372 1118 561 1207 mapnum,
589 1113 624 1179 iu
652 1132 722 1205 quo
751 1110 786 1179 iu
812 1110 1051 1203 tatiusrepni
1074 1118 1208 1183 statum
1227 1116 1340 1208 inqui-

248 1214 396 1286 rendum
417 1219 526 1306 esset,
555 1210 655 1281 oelire
679 1210 745 1280 sibi
765 1211 966 1302 proposuit.
1018 1209 1084 1299 Oui
1110 1236 1189 1285 curn
1207 1212 1340 1285 Kalen·

249 1316 303 1387 dis
336 1313 546 1385 Octobribus
574 1309 790 1403 Nooiomapi
823 1308 1085 1404 celebraretur,
1126 1312 1340 1386 Hlatbarius

249 1417 374 1487 rrrrricis
393 1410 687 1485 intercedentibus
708 1410 810 1502 patri
827 1408 1078 1483 reconciliatus
1105 1419 1167 1485 est.
1224 1413 1289 1486 Ubi
1307 1420 1341 1485 et

248 1514 471 1587 Einbardum
509 1516 670 1583 nostruin
712 1507 848 1594 tidelem
889 1533 1037 1603 operam
1081 1512 1240 1607 dedisse,
1297 1538 1339 1586 ca

143 1664 145 1671 ·
249 1617 365 1710 mapis
397 1620 435 1685 ut
472 1610 664 1684 credamus
700 1609 920 1702 inducimur,
959 1611 1057 1706 quod
1085 1614 1340 1707 imperatorem

249 1721 387 1787 aestate
419 1715 506 1785 anui
533 1712 625 1796 836,
665 1732 772 1805 quum
803 1712 945 1781 unicum
975 1713 1049 1784 iam
1079 1716 1264 1787 consilium
1297 1716 1341 1788 de

247 1815 441 1901 Hlotlmrio
460 1815 595 1885 sincere
614 1811 680 1881 sibi
698 1810 851 1880 uniendo
871 1812 1038 1904 opilarel,
1062 1816 1217 1886 eraricum
1236 1839 1339 1886 suum

248 1915 401 1991 vetulum
422 1910 660 2008 Selipenstadi
677 1910 772 1981 ultro
791 1911 954 1981 visitasse
971 1910 1129 2006 lepimus.

347 2014 529 2109 Reliquum
550 2013 654 2102 ailae,
682 2009 855 2103 relipioni,
879 2010 1015 2105 litteris,
1044 2013 1170 2084 amicis
1188 2014 1340 2109 deditus,

247 2119 283 2188 in
302 2118 464 2189 orarium
482 2113 582 2208 repni
598 2110 867 2204 perturbatione
882 2134 949 2203 per
966 2113 1114 2206 quietem
1133 2115 1213 2208 epit.
1265 2114 1339 2187 Nec

250 2218 466 2299 auctoritate
484 2236 556 2310 qua
576 2210 718 2283 valebat
733 2212 946 2305 papensium
966 2217 999 2282 et
1018 2213 1214 2285 uicinorum
1233 2215 1339 2287 rebus

250 2320 396 2411 benipne
427 2312 627 2403 consulere,
663 2334 726 2383 nec
759 2310 859 2406 apud
886 2313 1023 2383 amicos
1053 2314 1089 2383 in
1117 2314 1257 2407 palatio
1287 2339 1340 2386 re·

249 2425 433 2489 recinentes
462 2439 530 2509 pro
561 2415 742 2509 oppressis
773 2412 990 2485 intercedere
1026 2412 1166 2486 destitit.
1218 2414 1338 2487 Eccle-

248 2520 340 2589 siam
371 2514 712 2605 Mulinbeimensem,
746 2518 946 2605 martyrum
978 2516 1111 2586 meritis
1136 2517 1211 2587 iam
1236 2515 1340 2611 lonpe

248 2619 387 2713 lateque
410 2614 599 2705 celebrem,
628 2610 825 2683 adornauit
849 2618 883 2682 et
905 2612 1051 2705 plumbo
1078 2618 1172 2687 tecit.
1224 2615 1340 2688 Libris

249 2716 512 2788 conscribendis
529 2736 602 2785 non
624 2716 785 2804 lantum,
812 2718 985 2807 quantum
1013 2714 1097 2786 olim
1125 2717 1214 2786 inter
1238 2719 1340 2812 repni

249 2819 411 2915 negotia,
449 2824 585 2908 tempus
611 2812 790 2905 impendit.
842 2810 1000 2885 Annales
1025 2836 1115 2909 quos
1140 2814 1182 2887 de
1199 2814 1340 2911 Pippiui

246 2916 376 2991 Karoli
401 2924 435 2987 et
450 2914 649 2988 illudowici
675 2913 781 2983 rebus
807 2915 843 2983 in
865 2912 1005 3005 palatio
1033 2917 1242 2987 constitutus
1266 2917 1339 2989 edi·

248 3018 364 3109 derat,
384 3018 480 3089 ultra
499 3015 633 3087 cinnum
653 3016 727 3087 829
746 3036 817 3083 nan
831 3012 1086 3107 producendos
1113 3017 1338 3089 existimavit.

249 3118 399 3211 Scripsit
431 3122 621 3211 prreretcrea
663 3112 774 3185 libros
817 3113 861 3185 de
898 3112 1051 3187 bisloria
1090 3116 1340 3190 translationis

248 3225 458 3292 sanctorum
479 3214 678 3289 Marcellini
704 3220 739 3285 et
754 3212 869 3307 Petri,
897 3220 930 3285 et
955 3215 1007 3287 ad
1023 3217 1161 3307 Lupum
1185 3216 1338 3290 libellum

250 3320 293 3391 ele
312 3342 415 3391 cruce
444 3315 651 3391 adoranda.
706 3313 887 3408 Epistulae
915 3316 989 3385 eius
1016 3339 1110 3409 quae
1136 3324 1338 3409 supersunt,

247 3419 420 3494 historiae
439 3418 596 3490 auctoris
622 3422 658 3487 et
673 3417 842 3509 temporis
868 3413 961 3487 illius
986 3412 1222 3488 illustrandae
1248 3418 1338 3490 mul·

249 3527 321 3590 lum
354 3518 566 3593 conducunt.
615 3516 814 3588 Historiam
843 3506 1029 3587 Senoniae
1037 3571 1047 3607 ,
1080 3519 1152 3588 siae
1183 3517 1336 3590 libellum

248 3620 291 3690 de
323 3619 477 3693 adamlu
513 3617 673 3690 moribus
710 3621 743 3686 el
776 3617 1025 3708 superstitione
1056 3615 1266 3710 Saxonum,
1305 3624 1341 3689 et

247 3720 434 3791 historiam
466 3716 715 3792 translationis
745 3717 864 3788 sancti
887 3715 1098 3811 Alexandri,
1125 3717 1172 3791 ab
1196 3718 1337 3789 Aternio

248 3821 436 3892 Brerrreusi
460 3821 492 3891 ei
509 3817 673 3908 tributus,
699 3815 858 3901 liudolfo
877 3822 909 3886 et
928 3814 1166 3912 Mepinlrardo
1185 3817 1336 3889 Fuldeu·

245 3922 344 3993 sibus
374 3919 527 4012 deberi,
563 3916 634 3988 alio
673 3915 752 3987 loco
793 3915 957 3989 dicimus.
1009 3918 1221 3989 Lonrbecius
1252 3942 1336 3989 uero

204 4081 206 4085 .
248 4022 548 4094 abbreviationem
578 4016 736 4091 ebronic'i
768 4016 814 4087 ab
844 4016 936 4090 Urbe
968 4018 1112 4090 condita
1144 4041 1254 4113 usque
1286 4019 1337 4091 ad

246 4145 379 4193 annmn
405 4125 478 4197 809
507 4121 538 4193 ei
569 4118 751 4190 vindicare
782 4124 953 4210 conatus,
988 4116 1085 4189 nullo
1114 4115 1223 4211 plane
1252 4121 1335 4204 fuu-

245 4224 412 4295 dmuento
438 4223 578 4313 nititur,
606 4242 670 4291 nec
701 4217 840 4290 meliori
869 4220 946 4290 iure
976 4218 1040 4290 alii
1069 4216 1247 4291 Einlrurdi
1274 4244 1336 4293 cu-
