3025 4909
514 504 623 577 VITA
647 502 825 579 KAROLI
847 500 898 575 nt.
1209 506 1256 578 31

160 716 254 779 rent.
311 706 389 779 Sed
425 704 619 802 superiora
656 704 782 777 omnia
819 703 874 778 sic
908 693 973 775 aut
1007 702 1260 776 dissimulavit

159 816 224 879 aut
243 806 398 904 sprevit,
427 830 470 877 ac
490 806 521 878 si
542 805 633 877 nihil
651 806 786 877 horum
814 807 942 877 adres
973 827 1063 884 suas
1092 803 1261 902 quolibet

161 909 273 978 modo
292 906 509 1004 pertineret.

262 1010 320 1081 33.
357 1008 602 1079 Testamenta
611 1004 641 1051 ⁸¹
661 1006 788 1079 facere
816 1004 986 1099 instituit,
1006 1004 1140 1100 quibus
1158 1002 1258 1075 filias

162 1117 273 1179 etex
302 1107 520 1181 concubinis
556 1107 694 1179 liberos
734 1131 780 1177 ex
808 1105 932 1203 eliqua
960 1114 1067 1202 parte
1096 1104 1166 1178 sibi
1191 1105 1260 1176 he·

160 1210 272 1279 redes
293 1208 454 1302 faceret,
482 1210 549 1281 sed
569 1209 673 1279 tarde
693 1206 890 1302 inchoata,
916 1204 1047 1303 pertici
1073 1229 1147 1277 non
1176 1215 1261 1302 pot·

164 1318 281 1379 erant.
333 1308 566 1381 Divisionern
586 1319 714 1379 tamen
733 1309 1000 1379 thesaurorum
1021 1316 1057 1378 et
1070 1305 1260 1402 pecuniae

162 1432 207 1479 ac
225 1408 388 1480 vestium
415 1410 587 1505 aliaeque
613 1406 885 1505 suppellectilis
912 1430 1038 1477 coram
1059 1406 1192 1478 amicis
1220 1415 1262 1478 et

162 1508 345 1581 ministris
374 1508 476 1605 suis,
512 1508 620 1580 annis
657 1508 775 1581 tribus
811 1518 1015 1602 antequam
1043 1508 1260 1601 decederet,

161 1609 272 1704 fecit,
302 1620 534 1681 contestatus
556 1632 643 1703 eos,
673 1620 711 1680 ut
738 1618 826 1706 post
853 1606 996 1679 obitum
1025 1631 1135 1678 suum
1165 1630 1186 1677 a
1215 1630 1260 1677 se

163 1710 262 1780 facta
293 1709 501 1783 distributio
534 1734 603 1807 por
628 1708 777 1781 illorum
809 1707 1033 1803 suffragium
1068 1718 1147 1777 rato
1175 1729 1260 1803 per·

165 1820 357 1905 muneret,
386 1810 548 1907 quidque
569 1834 615 1881 ex
634 1810 693 1881 his
713 1834 811 1906 quae
831 1808 1009 1880 diviserat
1031 1807 1112 1879 fieri
1131 1807 1259 1899 vellet,

163 1908 346 1982 breviario
374 1909 666 2007 conprehendit,
695 1909 800 1981 cuius
828 1908 922 1980 ratio
949 1932 994 1979 ac
1019 1918 1144 1979 textus
1172 1906 1260 1979 talis

165 2020 244 2081 esi:
270 2029 310 2082 IN
325 2027 463 2082 NOMINE
480 2027 611 2081 DOMINI
627 2027 692 2080 IIIII
710 2026 961 2081 OMNIPOI'ENTIS
978 2025 1095 2079 PATRIS
1119 2025 1164 2077 EI*
1178 2024 1262 2078 FILII

163 2128 209 2183 ΕΤ
224 2126 378 2181 selanus
396 2124 526 2179 senten.
603 2106 805 2199 Descriptio
840 2111 947 2199 atquc
981 2104 1124 2194 divisio,
1167 2124 1261 2196 quae

163 2212 268 2295 facta
288 2214 341 2279 cst
359 2230 381 2277 a
400 2206 659 2299 ptoriosissinro
688 2214 795 2300 atque
816 2207 977 2299 piissimo
1005 2203 1158 2294 domno,
1185 2201 1260 2271 Ka-

164 2310 243 2380 roto
262 2311 481 2400 Imperatore
514 2312 688 2399 onpnsto,
717 2329 814 2375 anno
844 2305 890 2373 atr
917 2303 1169 2373 incarnatione
1197 2301 1261 2371 do·

165 2412 251 2479 mini
278 2408 393 2477 nostri
418 2405 499 2475 Iesu
526 2405 653 2476 Christi
684 2408 776 2496 811,
814 2425 911 2476 anno
943 2425 1027 2473 vcro
1058 2402 1159 2494 repni
1186 2403 1260 2472 eius

165 2512 201 2579 in
232 2508 391 2578 Francia
419 2508 486 2596 43,
524 2512 557 2574 et
586 2506 621 2575 in
647 2503 756 2575 Italia
776 2506 841 2595 37,
878 2504 1017 2593 imperii
1047 2508 1165 2571 autern
1202 2506 1259 2593 11,

165 2607 336 2678 inditione
373 2609 416 2696 4,·
469 2628 576 2699 qnarn
607 2607 670 2697 pin
702 2610 735 2674 et
767 2603 936 2695 prudenti
972 2600 1261 2673 consideratione

165 2711 289 2793 facere
308 2706 479 2796 decreuit,
506 2711 541 2775 et
558 2704 713 2775 Domino
734 2710 911 2775 annuente
927 2704 1097 2794 perfecit}
1119 2700 1162 2771 dc
1188 2700 1262 2771 tne-

48 2826 53 2833 '
166 2808 289 2880 sauris
307 2807 381 2877 suis
401 2811 506 2899 atque
520 2807 708 2897 peccunia,
737 2806 883 2898 quaein
903 2802 966 2873 itta
985 2803 1041 2872 die
1058 2803 1095 2871 in
1113 2823 1261 2872 camera

167 2912 241 2979 eius
277 2910 419 2978 inventa
456 2911 518 2975 est.
571 2905 612 2974 tn
648 2928 720 2999 qua
756 2903 844 2974 ittud
877 2904 1075 2996 praecipue
1103 2924 1261 2993 praeca·

166 3030 247 3080 vere
282 3006 410 3099 votuit,
454 3011 494 3075 nt
527 3026 598 3075 non
633 3004 748 3075 soturn
786 3003 1060 3074 elemosinarum
1100 3000 1261 3095 tarpitio,

165 3130 260 3202 quac
277 3106 517 3197 sotternpnIter
545 3103 645 3197 apud
669 3103 884 3174 christianos
909 3102 952 3173 de
975 3102 1262 3195 possessionibus

166 3230 290 3278 eornm
319 3209 451 3299 apitur,
477 3228 545 3297 pro
564 3226 601 3275 se
621 3226 759 3297 quoquc
787 3203 831 3274 de
857 3226 925 3274 suu
953 3203 1106 3295 pecunia
1134 3200 1262 3271 ordine

165 3312 273 3401 atquc
291 3308 432 3377 ratione
449 3308 695 3396 perficeretur,
722 3302 788 3374 sed
813 3304 940 3395 etiarn,
967 3308 1007 3372 ut
1029 3300 1176 3373 heredes
1192 3302 1261 3392 sui,

166 3409 265 3478 orani
296 3405 529 3498 arrrdipuitate
561 3408 718 3495 remota,
746 3402 832 3497 qnid
858 3402 909 3473 ad
933 3426 972 3473 se
996 3403 1173 3494 pertinere
1199 3400 1260 3471 de·

166 3507 275 3597 deret,
303 3504 434 3599 liquido
454 3526 669 3597 capnoscerc
688 3510 722 3573 et
738 3505 814 3573 sine
831 3501 890 3572 tite
909 3507 1016 3593 atque
1033 3502 1261 3572 contentione

165 3628 235 3678 sua
265 3606 357 3675 inter
395 3628 432 3675 se
468 3605 677 3697 competenti
706 3603 900 3695 partitione
940 3599 1096 3672 dividere
1123 3601 1262 3694 potuis·

166 3711 254 3779 sent.
306 3703 389 3774 Hac
414 3706 523 3797 ipitnr
556 3704 746 3774 intentione
774 3707 880 3795 atque
905 3702 1092 3793 proposito
1120 3722 1261 3771 omnem

165 3804 408 3878 substantiam
457 3810 562 3898 atque
609 3800 858 3897 supeltectilem
896 3824 1022 3892 sunm,
1083 3806 1178 3897 quae
1224 3800 1262 3869 in

167 3928 260 3977 auro
288 3909 321 3975 et
348 3908 499 3996 arpenta
526 3906 741 3998 pennisque
777 3908 812 3973 et
837 3908 971 3973 ornatu
995 3902 1095 3993 repio
1121 3903 1158 3970 in
1184 3898 1261 3992 itta,

166 4012 205 4077 ut
239 4004 373 4077 dictrtm
407 4008 478 4093 est,
524 4002 579 4073 die
615 4006 651 4073 in
689 4024 836 4075 cornera
876 4003 951 4089 eius
986 4006 1132 4094 poterat
1167 4000 1264 4070 inoe-

166 4106 249 4195 niri,
274 4102 561 4199 primoquidem
589 4105 684 4175 trina
713 4102 885 4175 divisione
909 4102 1065 4195 partitus
1097 4104 1167 4188 est,
1202 4098 1264 4169 de-

167 4204 250 4275 inde
277 4201 421 4277 easdem
444 4209 573 4297 partes
599 4202 878 4295 subdividendo,
909 4200 952 4273 dc
979 4199 1122 4273 duabus
1142 4197 1265 4293 parti-

164 4318 217 4402 81)
242 4318 370 4385 ct‘.Soet.
383 4321 460 4401 Aug.
473 4338 499 4382 c.
517 4318 588 4385 101.
