3025 4909
266 459 313 531 18
701 451 930 529 munaum

262 652 515 755 pertinebant,
542 662 579 728 et
597 661 914 748 restaurarentur,
940 651 1153 751 imperavit,
1172 653 1361 731 adhibens

264 778 395 829 euram
412 777 481 852 per
503 754 673 851 legatos,
700 762 740 827 ut
765 754 951 852 imperata
969 753 1245 852 perlicerent.³².
1281 756 1361 831 Μο-λ

262 856 350 931 litus
376 865 437 929 est
464 864 501 927 et
519 854 684 934 classem
698 865 840 931 contra
864 855 1003 930 bellum
1021 855 1357 952 Nordmannicum,

264 953 472 1033 aedificatis
504 957 550 1034 ad
581 956 656 1030 hoc
681 954 841 1031 navibus
866 953 969 1030 iuxta
992 952 1168 1051 flumina,
1196 980 1294 1054 quae
1319 968 1360 1032 et

265 1060 313 1132 de
332 1055 453 1131 Gallia
478 1066 516 1129 et
540 1058 586 1130 de
606 1054 809 1130 Germania
836 1056 1173 1153 septentrionalem
1195 1055 1361 1132 influunt

265 1180 472 1251 oceanum3
499 1166 537 1231 et
563 1154 649 1253 quia
677 1156 897 1233 Nortmanni
917 1157 1102 1256 Gallicum
1126 1157 1216 1231 litus
1244 1170 1359 1258 atque

266 1257 540 1333 Germanicum
569 1256 722 1331 assidua
755 1256 996 1331 infestatione
1028 1262 1249 1354 vastabant,
1288 1268 1359 1357 pst

266 1382 401 1435 omnes
420 1368 551 1456 portus
572 1366 610 1434 et
627 1355 791 1434 hostia³³
816 1355 1035 1454 fluminum,
1061 1360 1125 1455 qul
1150 1382 1270 1433 naves
1297 1384 1359 1435 re-

267 1459 341 1558 cipi
358 1482 475 1559 posse
494 1458 727 1553 videbantur,
755 1457 980 1536 stationibus
1000 1470 1037 1532 et
1051 1459 1218 1533 excubiis
1233 1460 1359 1558 dispo·

267 1556 372 1655 sitis,
397 1583 446 1639 ne
465 1583 539 1657 qua
556 1557 677 1633 hostis
698 1558 800 1633 exire
826 1558 1031 1657 potuisset,
1056 1559 1123 1631 tali
1150 1560 1359 1633 munitione

266 1660 466 1759 prohibuit.
517 1658 619 1731 Fecit
636 1658 738 1733 idem
766 1670 914 1758 aparte
942 1654 1148 1736 meridiana
1172 1660 1211 1733 in
1233 1661 1359 1737 littore
1497 1747 1499 1752 ,

267 1759 484 1859 provinciae
502 1760 760 1832 Narbonensis
779 1783 824 1831 ac
843 1760 1120 1859 septimaniae,
1146 1771 1224 1833 toto
1244 1762 1360 1847 etiam

266 1860 396 1935 ltaliae
415 1861 538 1933 littore
566 1884 684 1957 usque
703 1860 885 1957 Romam,
914 1871 1043 1933 contra
1061 1863 1214 1935 Mauros
1239 1885 1361 1961 nuper

266 1961 476 2061 pyraticam
508 1983 689 2033 exercere
719 1961 944 2058 adgressos,
985 1985 1030 2034 ac
1053 1985 1122 2059 per
1153 1963 1225 2034 hoc
1257 1964 1359 2035 nullo

267 2061 375 2160 'gravi
394 2063 557 2160 dampno
583 2062 644 2134 vel
661 2060 766 2133 ltalia
791 2086 812 2133 a
830 2062 993 2159 Mauris,
1019 2062 1081 2134 vel
1099 2059 1219 2135 Gallia
1246 2075 1360 2161 atque

268 2163 472 2236 Germania
503 2161 804 2235 aNordrnannis
843 2162 973 2235 diebus
1005 2162 1085 2236 suis
1118 2162 1361 2263 affectaest,

267 2274 421 2361 praeter
448 2262 874 2362 quo-d'Centumoellae,
909 2262 1040 2336 civitas
1066 2262 1255 2361 Etruriae,
1291 2286 1361 2363 per

267 2363 519 2462 proditionem
546 2387 566 2434 a
593 2363 731 2435 Mauris
758 2375 867 2460 capta
902 2374 1014 2462 atque
1039 2375 1187 2437 vastata
1215 2373 1294 2460 est,
1323 2373 1361 2437 et
1480 2442 1483 2446 ,

268 2466 307 2537 in
325 2464 442 2538 Frisia
470 2466 655 2561 quaedam
683 2462 830 2537 insulae
856 2462 1082 2538 Germanico
1109 2466 1222 2539 littori
1246 2465 1361 2537 conti-

269 2589 369 2663 guae
388 2591 411 2638 a
427 2563 681 2638 Nortlmannis
701 2564 954 2661 depraedatae
973 2576 1071 2638 sunt.
1221 2632 1226 2642 .

374 2670 430 2741 18.
482 2660 650 2737 Talem³⁴
689 2665 852 2737 eumin
891 2668 1031 2739 tuendo
1072 2676 1110 2739 et
1145 2666 1360 2763 ampliando

268 2765 457 2864 simulque
468 2768 639 2837 ornando
653 2788 772 2862 regno
789 2766 907 2838 fuisse
922 2777 1079 2839 constat.
1116 2766 1231 2842 Cuius
1246 2764 1362 2839 animi

269 2866 399 2963 dotes,
432 2874 469 2938 et
500 2889 690 2938 summam
721 2866 759 2937 in
791 2866 1075 2964 qualicumque,
1113 2878 1150 2938 et
1176 2890 1360 2965 prospero

270 2977 309 3041 et
327 2968 508 3060 adverso,
536 2976 672 3038 eventu
701 2966 829 3039 mirari
846 2966 959 3039 liceat
978 2966 1239 3039 constantiam.
1293 2968 1362 3041 Ce-

269 3078 427 3165 teraque
464 3070 510 3139 ad
543 3065 762 3139 interiorem
803 3078 914 3165 atque
953 3066 1203 3141 domesticam
1243 3067 1361 3141 vitam

271 3167 497 3270 pertinentia
515 3167 591 3240 iarn
610 3170 655 3240 ab
674 3166 763 3239 hinc
781 3167 906 3240 dicere
926 3167 1108 3242 exordiar.

373 3268 462 3341 Post
479 3278 640 3341 mortem
666 3266 783 3366 patris
808 3292 894 3341 cum
919 3269 1033 3341 tratre
1058 3292 1221 3365 regnum
1249 3266 1362 3366 parti·

270 3379 346 3466 tus,
369 3378 474 3441 tanta
492 3368 672 3465 patientia
692 3368 904 3442 simultates
924 3380 961 3442 et
976 3368 1152 3444 invidiam
1169 3368 1250 3442 eius
1265 3368 1362 3466 tulit,

270 3479 313 3541 ut
339 3468 512 3542 omnibus
541 3468 676 3547 mirum
704 3469 917 3565 videretur,
945 3473 1118 3568 quodne
1146 3471 1191 3540 ad
1215 3468 1361 3541 iracun-

269 3569 370 3643 diam
398 3569 548 3667 quidem
576 3572 621 3642 ab
649 3592 695 3641 eo
722 3569 918 3667 provocari
951 3569 1147 3668 potuisset.
1215 3570 1362 3643 Deinde

229 3688 234 3723 1
270 3694 357 3742 curn
382 3670 513 3744 matris
540 3672 689 3743 hortatu
715 3668 831 3743 liliam
850 3668 1056 3765 Desiderii,
1083 3669 1186 3765 regis
1212 3670 1363 3767 Lango·
1493 3662 1508 3709 -’

178 3770 183 3780 ’
269 3771 483 3865 bardorum,
503 3770 674 3843 duxisset
691 3794 863 3867 uxorem,
881 3770 1068 3844 incertum
1082 3795 1155 3869 qua
1170 3772 1215 3843 de
1232 3793 1364 3867 causa,

267 3879 358 3969 post
392 3892 533 3941 annum
569 3894 653 3943 eam
680 3871 910 3969 repudiavit,
948 3882 986 3945 et
1013 3872 1280 3969 Hildegardem
1315 3872 1363 3944 de
1443 3900 1448 3906 ·

269 3980 384 4067 gente
410 3969 644 4067 Suavorum,
672 3972 901 4071 praecipuae
938 3971 1139 4047 nobilitatis
1165 3971 1365 4068 feminam,

268 4124 320 4207 32)
345 4122 385 4191 cl'.
402 4120 585 4205 Capitulara
601 4124 639 4186 nd
656 4124 727 4187 Salz
743 4124 915 4191 annosos.
932 4144 958 4193 c.
976 4127 1005 4191 1.
1024 4135 1055 4189 et
1069 4123 1170 4206 Capit.
1185 4124 1364 4206 Aquiogra·

268 4226 368 4271 nense
394 4225 422 4272 a.
450 4207 522 4273 807.
553 4226 581 4275 o.
603 4210 633 4273 7.
655 4208 740 4272 Mon.
764 4208 868 4271 Germ.
899 4210 996 4291 Legg.
1025 4210 1058 4269 T.
1079 4208 1104 4270 l.
1127 4227 1157 4288 p.
1181 4208 1252 4274 123.
1291 4209 1365 4273 tto.

268 4289 321 4375 33)
344 4292 365 4357 i.
389 4312 416 4357 o.
441 4292 531 4358 ostia.
616 4291 668 4377 st)
693 4290 733 4353 cf.
757 4291 841 4355 Suet.
865 4297 942 4373 Aug.
965 4314 990 4359 c.
1012 4292 1063 4357 61.
1330 4304 1333 4310 “
