3025 4909
517 451 635 531 Vtht·
652 452 829 529 natent
855 453 901 525 Μ.
1208 456 1257 531 25

164 653 313 735 Artesll
331 652 507 729 liberales
523 652 948 747 studiosissime-coluit,
967 675 1175 750 earurnque
1194 656 1259 727 do-

166 766 290 831 eteros
309 754 513 852 plurimum
528 765 747 849 veneratus,
767 753 916 849 magnis
931 751 1128 827 adficiebat
1141 754 1259 827 bono-

165 856 279 932 ribus.
332 856 372 927 ln
404 854 584 927 discenda
611 854 859 951 grammatica
888 855 1040 927 Petrum
1064 853 1258 951 Pisanum,

166 957 389 1050 diaconum,
429 976 562 1029 senem
595 953 755 1049 audivit,
788 954 825 1026 in
859 954 1019 1027 caeteris
1050 954 1257 1051 disciplinis

164 1056 339 1131 Albinum
359 1066 611 1151 cognomento
630 1008 842 1167 Alcoidum,
870 1054 961 1127 item
979 1054 1191 1150 diaconem.
1210 1058 1257 1129 de

165 1155 365 1250 Brittania
393 1155 566 1229 Saxonici
587 1156 741 1252 generis
761 1154 974 1275 bominem,
1001 1155 1124 1227 virum
1143 1129 1259 1229 udde<

167 1278 327 1354 cumque
355 1209 614 1329 doctissimum
626 1237 951 1367 praeceptorem
978 1254 1125 1348 babuit3
1160 1257 1258 1352 apud

168 1382 279 1454 quem
301 1367 338 1429 et
357 1353 570 1429 rethoricae
591 1366 628 1427 et
646 1356 792 1427 dialect'
767 1366 879 1449 trcae,
906 1356 1108 1452 praecipue
1128 1365 1258 1428 tamen

166 1454 422 1531 astronomiae
443 1454 689 1549 ediscendae
717 1455 920 1552 plurimum
948 1466 986 1527 et
1011 1455 1192 1551 temporis
1222 1466 1260 1528 et

165 1557 305 1631 laboris
325 1553 540 1668 impertivit.
592 1555 770 1629 Discebat
789 1567 912 1629 artem
930 1555 1193 1667 computandi
1222 1566 1259 1627 et

165 1656 374 1733 intentione
402 1656 531 1750 sagaci
559 1658 736 1749 syderum
765 1681 900 1729 cursus
928 1655 1187 1728 curiosissime
1213 1656 1260 1726 ri-

169 1763 296 1832 mabat
298 1782 351 1827 ur.
389 1757 612 1871 Temptabat
632 1768 669 1829 et
689 1742 868 1851 scribere7
894 1756 1119 1853 tabulasque
1141 1768 1177 1829 et
1197 1779 1259 1827 co·

169 1856 322 1931 dicellos
356 1859 401 1947 ad
430 1858 536 1929 boc
526 1883 566 1931 m
588 1858 686 1930 lecto
720 1861 790 1930 sub
822 1857 1068 1931 cervicalibus
1102 1856 1261 1929 circum·

167 1960 266 2032 ferre
287 1942 443 2050 solebat,
473 1970 523 2051 ιη,
552 1982 637 2031 cum
657 1980 820 2031 vacuum
849 1969 999 2054 tempus
1029 1967 1155 2052 esset,
1182 1980 1261 2029 ma·

167 2084 257 2131 num
292 2058 425 2131 litteris
463 2059 688 2155 effingendis
725 2062 989 2152 adsuesceret5
1031 2060 1098 2129 sed
1125 2080 1259 2155 pamm

168 2159 356 2233 successit
373 2159 478 2231 labor
498 2170 766 2256 praeposterus
787 2182 831 2233 ac
850 2182 936 2231 sero
955 2158 1165 2230 inchoatus.

273 2345 330 2415 26.
368 2342 605 2437 Religionem
618 2338 648 2383 ⁶⁸
668 2340 926 2432 christianama
946 2364 1017 2433 qna
1037 2343 1083 2410 ab
1104 2338 1260 2409 infantia

169 2444 293 2513 fuerat
310 2442 499 2536 ivnbutuS‚
528 2438 767 2513 sanctissime
788 2449 930 2512 etcum
951 2463 1098 2509 summa
1118 2438 1259 2535 pietate

171 2541 304 2633 coluit,
333 2564 377 2611 ac
395 2551 549 2638 propter
576 2540 648 2611 hoc
672 2540 857 2637 plurimae
886 2539 1169 2636 pulchritudinis
1197 2542 1259 2612 ba·

170 2642 315 2713 silicam
333 2641 559 2737 Aquisgrani
581 2641 760 2735 extruxit,
787 2664 954 2737 auroque
984 2651 1021 2711 et
1038 2650 1195 2735 argento
1222 2649 1261 2711 et

169 2741 415 2816 luminaribus
436 2753 547 2837 atque
568 2766 614 2813 ex
634 2765 721 2813 aere
743 2741 859 2814 solido
879 2740 1058 2813 cancellis
1081 2752 1118 2811 et
1135 2740 1258 2811 ianuis

170 2842 373 2915 adornavit.
425 2845 477 2913 Ad
499 2842 603 2914 cuius
631 2852 859 2915 structuram
887 2865 972 2913 cum
999 2842 1195 2913 columnas
1221 2850 1261 2913 et

169 2965 357 3013 marmora
378 2942 525 3015 aliunde
543 2943 685 3015 habere
713 2967 788 3015 non
814 2952 966 3039 posset,
994 2942 1113 3013 Roma
1146 2952 1260 3038 atque

167 3044 347 3115 Ravenna
380 3044 600 3115 devehenda
630 3042 784 3115 curavit.
835 3040 1046 3116 Ecclesiam
1079 3053 1116 3115 et
1147 3064 1258 3113 mane

170 3152 208 3213 et
225 3166 408 3239 vespere,
437 3142 527 3214 item
547 3142 739 3214 nocturnis
768 3142 871 3217 horis
899 3152 938 3214 et
964 3142 1136 3214 sacrificii
1165 3152 1260 3211 tem·

168 3267 274 3339 pore,
303 3245 425 3339 quoad
446 3267 531 3315 eum
552 3242 714 3315 valitudo
732 3244 982 3340 permiserat,
1007 3243 1168 3339 impigre
1188 3240 1261 3311 fre-

171 3348 392 3437 queritabat7
422 3347 648 3439 curabatque
669 3367 923 3440 magnopere,
952 3354 991 3414 ut
1017 3342 1142 3415 omnia
1162 3363 1261 3437 quae

169 3441 205 3511 in
228 3466 271 3512 ea
291 3447 532 3539 gerebantun
561 3466 646 3515 cum
667 3468 780 3539 quam
806 3444 970 3517 maxima
990 3440 1126 3515 tierent
1142 3442 1260 3513 bone·

171 3552 284 3633 state3
325 3544 494 3617 aedituos
533 3544 760 3617 creberrime
788 3566 1059 3637 commonens,
1100 3540 1258 3638 nequid

169 3642 348 3717 indecens
369 3654 432 3715 aut
458 3643 649 3718 sordidum
675 3655 739 3715 aut
760 3642 889 3719 inferri
916 3642 1042 3713 autin
1068 3665 1114 3714 ea
1138 3665 1261 3713 rema·

170 3766 261 3815 nere
282 3743 551 3839 permitterent.
605 3744 808 3817 Sacrorum
835 3767 1015 3817 vasorum
1038 3768 1084 3815 ex
1111 3767 1201 3813 auro
1222 3752 1262 3814 et

170 3854 347 3941 argento⁷
384 3844 773 3941 vestimentorumque
799 3843 1089 3917 sacerdotalium
1115 3853 1261 3914 tantam

167 3946 205 4017 in
226 3970 270 4017 ea
291 3943 437 4041 copiam
457 3946 693 4041 procuravit
721 3956 761 4018 ut
787 3946 823 4018 in
853 3944 1046 4027 sacrificiis
1067 3944 1261 4017 celebran-

169 4045 291 4129 disne
318 4045 534 4117 ianitoribus
564 4045 732 4141 quidem,
761 4072 822 4143 qm
814 4045 960 4117 ultimi
988 4041 1260 4118 aecclesiastici

168 4146 306 4217 ordinis
328 4155 428 4240 sunt
456 4145 599 4242 privato
632 4144 735 4217 habit
721 4156 760 4216 tu
783 4146 996 4217 ministrare
1024 4165 1186 4217 necesse
1206 4142 1262 4213 fu-

167 4278 223 4359 67)
248 4280 286 4340 ct
311 4280 394 4342 Suet.
418 4281 523 4343 Tibur
547 4298 573 4340 c.
596 4280 646 4343 70
736 4281 788 4363 68)
812 4282 850 4345 cl
874 4282 959 4344 Soet
982 4282 1060 4358 bug.
1084 4298 1110 4343 c.
1133 4280 1186 4343 90.
1208 4278 1264 4345 93.

1031 4381 1052 4444 3
