3025 4909
488 464 596 538 vlla
623 464 801 540 KAROLl
826 448 874 539 Μ.
1205 471 1231 544 9

19 659 22 698 ÷
135 670 233 741 lacta
252 667 301 742 sit
326 666 565 765 permutatio.
618 665 692 740 Sed
711 666 1007 764 magnanimitas
1023 668 1157 766 regis,
1184 692 1231 743 ac

18 769 21 783 ’
136 780 321 867 perpetua
338 780 417 843 tam
436 767 473 840 in
493 768 664 840 adversis
684 790 798 865 quam
818 767 855 839 in
876 767 1071 866 prosperis
1091 768 1230 842 mentis

19 878 28 963 jv
136 870 368 965 constantia,
394 869 497 940 nulla
516 890 647 941 eorum
666 867 913 941 mutabilitate
939 869 1000 941 vel
1026 869 1124 941 vinci
1149 880 1230 967 pot·

19 973 34 1050 ἷ.
138 980 239 1068 erat,
275 970 337 1042 vel
362 969 408 1041 ab
440 968 499 1041 his
527 990 625 1065 quae
657 991 775 1065 agere
803 979 984 1067 coeperat
1014 970 1230 1068 defatigari3
1362 1027 1365 1034 .

19 1079 23 1130 Γ
137 1094 226 1143 nam
241 1093 434 1167 nunquam
448 1092 516 1155 eos
531 1067 794 1142 huiuscemodi
810 1069 947 1167 aliquid
964 1080 1229 1169 perpetrantes

20 1161 30 1227 ἶ·
136 1171 277 1269 inpune
306 1170 407 1243 ferre
433 1192 571 1268 passus
606 1180 683 1267 est,
720 1169 809 1267 quin
841 1181 906 1243 aut
935 1170 1019 1269 ipse
1050 1193 1120 1270 per
1151 1171 1230 1245 se¹⁹

137 1274 351 1368 ductorem,
386 1280 452 1343 aut
482 1292 550 1369 per
582 1270 739 1344 comites
773 1294 864 1344 suos
896 1272 1016 1345 misso
1048 1272 1231 1369 exercitu,

21 1384 24 1395 '
135 1368 332 1471 perfidiam
350 1370 597 1444 ulcisceretur
633 1380 671 1444 et
698 1371 851 1468 dignam
886 1376 933 1445 ab
970 1372 1025 1445 eis
1060 1372 1232 1471 exigeret

20 1485 23 1530 t
135 1494 319 1575 poenam,
347 1474 603 1571 usquedum,
631 1472 805 1547 omnihus
834 1473 898 1569 qui
924 1473 1106 1546 resistere
1132 1474 1231 1549 solea

90 1646 94 1655 ,
134 1576 224 1646 bant
251 1570 459 1671 profligatis
496 1581 533 1645 et
564 1572 602 1644 in
638 1596 747 1645 suarn
782 1582 1015 1670 potestatem
1052 1575 1230 1673 redactis,

137 1676 269 1746 decem
296 1673 398 1744 milia
429 1672 625 1745 hominum
654 1697 701 1746 ex
727 1672 787 1747 his
819 1674 883 1772 qui
914 1685 1095 1773 utrasque
1126 1674 1229 1774 ripas

140 1774 241 1847 Albis
260 1772 428 1847 fluminis
448 1773 675 1871 incolebant,
703 1798 789 1847 curn
806 1776 985 1849 uxoribus
1006 1786 1044 1849 et
1061 1776 1230 1873 parvulis

136 1874 303 1948 sublatos
322 1872 534 1971 transtulit,
562 1884 599 1947 et
622 1876 697 1947 huc
726 1886 839 1972 atque
866 1876 955 1948 illuc
980 1900 1049 1975 per
1068 1875 1230 1949 Galliam
1326 1882 1330 1890 '

135 1983 172 2047 et
186 1973 428 2047 Germaniam
441 1972 662 2048 multimoda
677 1975 860 2049 divisione
875 1976 1069 2078 distribuit.
1100 1978 1231 2076 anue

135 2075 346 2149 conditione
378 2100 400 2148 a
431 2098 524 2173 rege
555 2076 749 2174 proposita
782 2088 820 2149 et
850 2081 895 2150 ab
930 2077 1003 2150 illis
1036 2088 1230 2177 suscepta,

133 2186 295 2248 tractum
315 2200 384 2274 per
400 2186 456 2249 tot
474 2201 594 2251 annos
614 2177 755 2251 bellum
776 2188 926 2251 constat
951 2202 1039 2251 esse
1068 2176 1230 2274 linitum,

12 2300 15 2339 l
134 2286 174 2348 ut
193 2276 339 2349 abiecto
365 2280 593 2351 daemonum
621 2280 722 2349 cultu
750 2288 789 2349 et
814 2278 955 2350 relictis
986 2276 1117 2375 patriis
1146 2301 1231 2351 cae·

12 2390 15 2427 ³
134 2376 324 2473 rimoniis,
361 2377 590 2450 christianae
617 2376 704 2450 fidei
732 2387 847 2475 atque
879 2375 1074 2476 religionis
1103 2402 1229 2452 sacra-

25 2511 27 2526 ·
135 2488 264 2550 menta
289 2477 545 2575 susciperent,
574 2488 611 2551 et
635 2477 788 2551 Francis
817 2478 989 2572 adunati,
1016 2503 1114 2553 unus
1141 2504 1229 2552 cum

25 2582 27 2605 '
135 2578 189 2651 eis
210 2578 371 2677 populus
392 2576 643 2651 efficerentur.
1253 2575 1280 2634 Λ

236 2684 271 2753 8.
323 2680 403 2750 Hoc
421 2680 541 2776 bello,
568 2680 656 2752 licet
673 2680 905 2777 permultum
929 2679 1114 2778 temporis
1140 2704 1228 2778 spa-

132 2780 184 2850 tio
202 2779 437 2877 traheretur,
463 2779 545 2879 ipse
565 2804 640 2852 non
666 2780 829 2879 amplius
858 2804 943 2854 cum
973 2782 1084 2855 hoste
1113 2806 1227 2880 quam

132 2880 189 2953 bis
209 2878 290 2952 acie
309 2876 486 2978 conllixit,
515 2882 637 2954 semel
654 2880 757 2954 iuxta
776 2892 946 2955 montem
974 2882 1036 2979 qui
1051 2881 1229 2981 -Osnengi

133 2980 286 3077 dicitur,
324 2982 363 3054 in
394 2981 477 3053 loco
509 2978 734 3056 Theot‘rnelli
768 2983 981 3079 nominato,
1021 2982 1229 3056 etiterum

26 3118 27 3141 1
133 3083 231 3178 aqud
249 3079 575 3178 Hasalluvium20,
604 3093 642 3155 et
659 3085 731 3156 hoc
759 3107 834 3157 uno
858 3106 993 3158 mense
1020 3085 1229 3183 paucisque

132 3181 365 3280 interpositis
384 3183 525 3256 diebus.
562 3180 629 3257 His
649 3188 794 3258 duobus
813 3185 968 3283 proeliis
983 3185 1115 3259 hostes
1131 3188 1228 3258 adeo

13 3304 14 3375 t
131 3280 320 3380 profligati
340 3306 384 3356 ac
403 3282 539 3358 devicti
564 3295 668 3382 sunt,
696 3296 738 3357 ut
755 3286 912 3359 ulterius
940 3310 1074 3383 regem
1102 3308 1229 3383 neque
1321 3376 1326 3384 Ι

13 3458 14 3463 η
132 3406 354 3481 provocare,
373 3408 498 3482 neque
516 3384 684 3458 venienti
702 3387 899 3485 resistere,
926 3386 999 3459 nisi
1014 3386 1139 3483 aliqua
1153 3386 1228 3459 loci

13 3490 14 3551 ἲ
131 3483 340 3557 munitione
375 3486 543 3581 defensi,
597 3489 791 3561 auderent.
851 3488 981 3561 Plures
1014 3496 1144 3559 tamen
1180 3510 1227 3561 eo

129 3584 230 3657 bello
248 3594 326 3656 tam
347 3610 393 3658 ex
418 3586 611 3661 nobilitate
628 3588 858 3661 Francorum
886 3612 999 3685 quam
1018 3586 1228 3686 Saxonum,

131 3696 171 3759 et
188 3684 306 3758 functi
334 3688 493 3761 summis
520 3688 749 3786 honoribus,
783 3688 853 3761 viri
880 3688 1095 3787 consumpti
1125 3700 1227 3787 sunt,

14 3794 15 3861 l
129 3789 361 3884 tandemque
381 3810 479 3860 anno
499 3788 691 3863 tricesimo
710 3787 859 3863 tertio²¹
878 3787 1025 3862 finitum
1040 3800 1112 3887 est,
1140 3814 1228 3865 cum

128 3886 282 3960 interim
309 3896 364 3961 tot
390 3910 434 3959 ac
460 3898 564 3961 tanta
591 3890 628 3963 in
649 3891 808 3965 diversis
836 3901 1024 3964 terrarum
1055 3892 1227 3989 partibus

128 3988 228 4061 bella
254 3998 383 4061 contra
401 3989 565 4063 Francos
593 4002 630 4065 et
657 4002 786 4065 exorta
810 3992 885 4065 sint
907 4003 945 4066 et
972 3993 1141 4067 sollertia
1166 4016 1228 4066 re·

1431 3826 1475 3917 ‘e'

130 4141 182 4220 19)
205 4142 289 4207 Suet.
305 4144 384 4224 Aug.
400 4164 426 4207 c.
450 4144 500 4207 20.
587 4145 637 4225 20)
657 4166 757 4228 prope
773 4145 1005 4223 Osuabrugam,
1029 4146 1060 4207 in
1082 4144 1155 4210 loco
1173 4148 1227 4229 qui

128 4224 236 4285 medio
259 4244 339 4289 aevo
363 4226 713 4311 Scblachtvdrderberg‚
735 4230 798 4292 iam
822 4228 870 4293 die
893 4229 965 4293 Olus
987 4230 1083 4293 audit.
1171 4231 1225 4311 21)

130 4307 300 4371 duraverat
323 4312 413 4374 annis
436 4310 613 4377 tte—804.

997 4417 1018 4480 2
