3025 4909
336 660 487 726 vnasns
507 660 741 725 nlnnmnn
763 660 913 725 nnuma
934 660 1041 727 unca

438 910 441 919 ,
533 850 567 927 u.
592 846 662 911 rac.
694 842 840 908 cccrsc

388 1096 390 1103 y
430 1025 463 1082 cx'
482 1033 560 1084 codd.
581 1026 712 1083 Bernensi
733 1038 760 1083 et
781 1025 937 1084 parisiensi.
1046 1094 1049 1100 Ι

305 1257 448 1359 Mecum
471 1292 590 1353 Timavi
614 1310 689 1353 saxa
713 1310 828 1352 novem
850 1291 980 1353 lluminu

305 1393 391 1454 Flete
413 1410 471 1474 per
493 1410 606 1454 novem
629 1392 734 1453 fontes
756 1393 978 1465 redundantia,

304 1493 391 1567 Quae
415 1494 496 1555 salsa
520 1494 621 1575 gluttit
645 1494 728 1557 unde
752 1492 843 1573 pcuti
864 1494 973 1569 leniet,

285 1595 391 1655 'lstris
413 1596 565 1677 Sansque,
586 1596 683 1666 Tissa,
705 1594 814 1675 Culpa,
837 1595 956 1670 Marna,

304 1696 433 1771 Nausea,
458 1696 566 1771 Cuma,
590 1696 727 1778 gurgites
750 1696 869 1762 lscntii.

303 1900 451 1961 Hericum
475 1898 551 1959 milri
574 1900 665 1961 dulce
688 1915 806 1960 numen
829 1898 967 1980 plangite

303 2000 459 2077 Sirmium,
482 2001 580 2076 Porta,
605 2001 696 2063 lellus
718 2002 892 2082 Aquileiae,

214 2131 219 2143 κ
302 2102 371 2163 lnlil
396 2104 503 2176 Ferus,
527 2102 693 2163 Curmcuis
717 2104 870 2181 rugalia1,

302 2204 405 2284 Rupes
428 2204 539 2284 Oscpi,
561 2204 634 2285 iuga
658 2203 890 2278 Genetensium,
958 2224 966 2235 ·

301 2304 439 2367 astensis
461 2304 576 2365 humus
597 2305 702 2384 ploret
725 2312 755 2365 et
776 2305 990 2385 Albenganus.

300 2507 363 2566 Nec
387 2514 575 2585 lacessam,
599 2504 638 2568 de
660 2506 748 2567 cuius
772 2504 911 2567 conlinic

299 2608 355 2669 Est
377 2608 540 2682 oriundus,
563 2610 638 2670 urbs
661 2609 749 2670 dives
774 2612 938 2686 Argentea,

299 2708 421 2789 Lugere
445 2708 544 2769 multo
568 2710 719 2790 gravique
742 2727 813 2770 enm
835 2706 967 2789 gemitui

300 2808 405 2873 Civem
426 2811 582 2871 lamcsum
606 2810 780 2890 perdidisti,
804 2811 911 2871 nubile

299 2910 446 2973 Germiue
471 2919 576 2972 natum
600 2912 750 2994 claroque
774 2914 814 2973 de
836 2913 999 2993 sunguine.

297 3116 436 3176 Barbara
459 3114 564 3195 lingua
589 3114 802 3195 stratiburgus
825 3115 955 3191 diceris;
1010 3106 1013 3111 ’

298 3215 379 3276 Olim
403 3216 489 3299 quud
513 3226 631 3276 numen
655 3215 817 3277 ammisisti
840 3216 974 3289 celebre,

295 3318 364 3379 Hoc
387 3336 448 3398 ego
472 3317 528 3379 tibi
550 3317 675 3379 reddidi
694 3318 910 3399 mellisonum,

296 3418 393 3480 Amici
418 3418 516 3481 dulcis
539 3420 580 3479 cb
605 3436 757 3493 amorem,
782 3419 834 3498 qui
858 3418 917 3481 tutt

296 3519 389 3581 Lacte
414 3521 547 3583 nutritus
571 3521 656 3581 iuxta
680 3519 796 3580 flumen
818 3520 969 3608 Qutlmea.

212 3704 224 3739 '¹
243 3756 247 3763 ·
265 3709 510 3783 l'ne‘etusiurum:
528 3724 634 3805 largus
657 3723 687 3783 iu
711 3722 862 3796 denariis,

292 3821 472 3909 Paupepum'
486 3808 590 3904 patent
612 3824 734 3886 miseris
758 3823 945 3898 subsidium,

293 3922 354 3983 Hie'
370 3912 542 3989 'viduarum
559 3942 682 3988 summa
705 3926 881 3988 consclatic

106 4040 110 4047 ’
212 4106 215 4111 ¹
238 4018 239 4023 ’
292 4018 383 4101 Erat}
403 4013 504 4109 dnum
522 4028 614 4102 tultis,
640 4030 734 4089 turus
757 4027 985 4103 sacerdotibus,

293 4127 416 4189 Potens
429 4116 461 4187 ln
484 4127 594 4202 armis‚'
611 4128 732 4190 subtilis
756 4127 902 4207 ingenicl

124 4289 188 4363 lli.
206 4305 233 4365 tp
254 4300 328 4365 rttga,
348 4280 446 4365 platea,
466 4293 599 4349 Gallicum
616 4310 671 4365 rue,
692 4312 750 4350 esse
764 4296 879 4349 ridetur.
