3025 4909
516 443 829 526 Vlla-Italion
854 444 901 517 M.
1210 447 1261 525 «19

161 648 199 722 in
227 644 510 721 matrimonium
536 646 694 745 accepit,
722 648 769 725 de
796 668 870 742 qua
897 654 977 722 tres
994 642 1115 742 lilios,
1133 646 1258 722 ¹Kame

161 748 241 823 lum
259 748 433 823 videlicet
458 757 495 820 et
514 747 711 846 Pippinum
737 756 776 818 et
792 746 1056 841 bodanicum,
1082 744 1258 822 totidem*

164 874 238 947 que
257 848 374 945 filias‚
400 849 660 924 Hruodrudem
690 856 728 925 et.
745 847 925 925 Bertham
945 856 983 919 et
1001 846 1165 943 Gislam'‚
1192 871 1258 945 ge·

163 950 256 1027 nuit.
297 949 443 1027 ,Habuit
468 958 507 1021 et
533 948 626 1021 alias
653 958 732 1027 tres
759 946 876 1044 filias,
904 946 1190 1024 Theoderadam
1219 957 1260 1024 et

162 1051 376 1127 Hiltrudam·
393 1060 430 1126 ct
447 1050 718 1144 accubantem,
745 1051 839 1122 duas
863 1050 908 1122 de
926 1048 1108 1125 Fastrada
1125 1072 1258 1146 uxore,

164 1174 262 1249 quae
290 1152 338 1223 de
363 1141 600 1225 orientalium
626 1150 872 1244 Francorum,
900 1147 1178 1224 Germanorum
1205 1150 1258 1223 vi·

164 1251 312 1349 delicet,
339 1262 454 1348 gente
480 1261 575 1346 erat7
592 1249 754 1323 tertiam
779 1249 1057 1325 deconoubina
1079 1253 1258 1347 quadam,

164 1351 271 1427 cuius
299 1351 588 1428 nomenmodo
614 1350 822 1425 memoriae
857 1374 931 1423 non
960 1350 1132 1425 occurrit.
1163 1352 1258 1427 lle·

163 1454 292 1525 functa
310 1452 504 1547 Fastradm
527 1452 779 1548 Liudgardam
793 1451 1049 1529 Alamannam
1067 1450 1182 1547 derit7
1210 1454 1258 1525 de

164 1578 239 1653 qua
257 1553 350 1627 nibil
368 1553 571 1630 liberorum
595 1551 687 1624 tulit.
740 1552 830 1627 Post
855 1550 961 1625 cuius
987 1561 1151 1628 mortem
1176 1561 1257 1627 tres

163 1653 295 1727 habuit
330 1652 581 1749 concubinas,
607 1652 859 1731 Gersuindam
884 1651 1061 1727 Saxonici
1088 1652 1258 1750 gatteria,

164 1757 212 1827 de
239 1776 312 1851 qua
341 1754 374 1826 ei
398 1752 475 1826 iilia
503 1778 642 1827 nomen
658 1754 838 1833 Arlaltrud
866 1762 953 1830 nata
979 1764 1062 1849 est,
1090 1765 1128 1827 et
1145 1753 1258 1851 Regi·

165 1878 268 1949 nam7
287 1878 384 1951 quae
404 1855 438 1928 ei
455 1855 674 1953 Drogonem
694 1863 732 1927 et
750 1854 903 1951 Hugum
922 1854 1065 1951 genuit,
1094 1864 1132 1928 et
1147 1854 1259 1926 Adal-

162 1954 317 2049 lindem7
338 1980 383 2029 ex
403 1980 475 2053 qua
494 1955 745 2029 Theodricum
764 1955 986 2053 procreavit.
1025 1955 1146 2029 Mater
1164 1978 1255 2053 quo·

164 2079 237 2153 que
270 2055 350 2129 eius
382 2056 590 2131 berthrada
616 2056 653 2127 in
686 2079 827 2152 magno
859 2058 956 2153 apud
990 2078 1078 2128 eum
1108 2056 1255 2131 honore

164 2156 372 2229 consenuit.
434 2157 588 2234 Colebat
615 2156 716 2229 enim
744 2181 830 2236 eam
858 2180 944 2228 cum
971 2178 1123 2228 summa
1148 2179 1256 2230 reve·

157 2258 297 2353 nentia,
323 2258 375 2333 ita
394 2267 432 2330 ut
450 2259 553 2331 nulla
572 2280 751 2353 umquam
770 2255 933 2328 invicem
961 2254 1009 2328 sit
1027 2266 1158 2331 exorta
1183 2256 1257 2330 dis.-

157 2357 310 2453 -cordia‚
351 2367 502 2456 praeter
526 2358 562 2427 in
596 2356 751 2432 divortio
788 2354 890 2433 filiae
920 2355 1104 2430 Desiderii
1137 2355 1257 2453 regia,

162 2482 277 2554 quam
309 2458 372 2536 illa
407 2459 593 2533 suadente
624 2466 834 2554 acceperat.
898 2456 1075 2530 Decessit
1099 2460 1255 2532 tandem

162 2568 251 2656 post
277 2567 439 2633 mortem
465 2558 737 2655 Hildegardae,
773 2581 858 2631 cum
883 2555 960 2632 iam
986 2566 1065 2631 tres
1092 2569 1255 2655 nepotes

130 2751 133 2756 ‚
163 2682 255 2733 suos
275 2658 506 2755 totidemque
525 2669 659 2756 neptes
680 2658 715 2729 in
735 2657 799 2729 lilii
820 2660 930 2729 domo
944 2656 1120 2755 vidisset3
1141 2684 1253 2756 quam

161 2758 226 2833 ille
252 2758 290 2831 in
317 2760 450 2835 eadem
479 2759 631 2833 basilica
661 2784 733 2857 qua
765 2768 875 2857 pater
908 2756 1002 2832 situs
1031 2769 1119 2855 est,
1155 2763 1255 2858 apud

161 2868 335 2937 sanctum
360 2860 591 2957 niensium,
620 2884 759 2957 magno
787 2883 874 2931 cum
900 2858 1046 2931 honore
1072 2860 1162 2933 lecit
1187 2861 1255 2933 hu·

162 2959 268 3033 mari.
321 2962 410 3037 Erat
429 2962 463 3037 ei
482 2961 592 3035 unica
619 2984 747 3055 soror,
774 2957 929 3032 nomine
948 2959 1073 3056 Gisla,
1100 2984 1123 3033 a
1150 2962 1255 3059 puel-

161 3058 301 3135 laribus
330 3060 437 3137 aunis
473 3062 674 3159 religiosae
713 3059 990 3133 conversationi
1025 3062 1255 3159 mancipata,

162 3185 275 3259 quam
303 3160 475 3237 similiter
509 3173 548 3234 ut
575 3172 736 3235 matrem
770 3185 911 3258 magna
947 3160 1060 3234 coluit
1094 3162 1255 3260 pietate5

154 3286 261 3358 -quae
281 3262 416 3359 etiam,
442 3262 573 3361 paucis
603 3273 690 3335 ante
710 3261 853 3335 obitum
872 3258 971 3335 illius
991 3260 1122 3358 annis,
1149 3262 1186 3335 in
1208 3287 1256 3336 eo

162 3385 236 3459 quo
256 3375 479 3437 conversata
499 3373 558 3439 est
576 3362 807 3437 monasterio
826 3361 1002 3435 decessit.
1089 3434 1094 3441 ,

267 3545 324 3617 19.
374 3543 529 3617 Liberos
559 3567 649 3616 suos
678 3543 729 3615 ita
749 3543 897 3617 censuit
914 3538 1187 3641 instituendos,
1214 3554 1258 3616 ut

159 3651 240 3717 tam
258 3640 324 3715 filii
344 3667 456 3740 quam
480 3642 580 3717 filiae
607 3643 727 3743 primo
755 3641 970 3716 liberalibus
997 3639 1148 3739 studiis,
1176 3642 1257 3741 qui-

161 3746 231 3840 bus
252 3742 390 3841 etipse
410 3767 566 3843 operam
585 3747 709 3843 dabat,
737 3743 982 3818 erudirentur.
1028 3741 1124 3815 Tum
1141 3738 1257 3842 filios,

162 3866 250 3917 cum
280 3844 444 3943 primum
477 3855 582 3919 aetas
613 3846 848 3944 patiebatur,
886 3866 991 3917 more
1022 3842 1254 3918 Francorum

163 3946 353 4043 equitare,
381 3942 496 4019 armis
516 3969 560 4017 ac
579 3946 777 4022 venatibus
797 3942 965 4019 exerceri
983 3940 1093 4039 fecit,
1118 3940 1257 4017 filias³⁵

150 4069 253 4119 ¹vero
272 4044 434 4129 lanificio
455 4042 707 4145 adsuescere,
735 4047 893 4144 coloque
921 4069 966 4119 ac
984 4045 1091 4141 fuso,
1118 4067 1167 4116 ne
1185 4068 1259 4143 per

157 4143 280 4233 ¹otium
306 4158 514 4249 torperent,
541 4171 695 4245 operam
715 4147 949 4247 impendere,
977 4154 1089 4245 atque
1109 4148 1156 4220 ad
1175 4168 1257 4219 om·

162 4280 214 4359 35)
238 4282 276 4343 cf.
299 4282 381 4347 Suet.
405 4285 483 4365 bug.
506 4303 532 4349 c.
555 4284 606 4348 64.
