3025 4909
243 402 293 458 ΧΗ
653 403 925 475 PRAEFATIO.

244 610 407 697 tempora
425 606 656 699 attiaperent,
684 607 893 697 saepissime
911 603 1109 696 defloratas
1128 612 1189 677 est.
1244 607 1337 694 Ouo-

244 727 324 774 ram
355 726 522 776 nanterus
553 726 661 799 qamn
690 703 796 775 medii
822 707 901 775 aevi
927 705 1080 808 &cursu
1108 729 1247 800 semper
1272 730 1337 778 aa·

246 810 322 876 elus
341 805 396 898 sit,
424 804 479 875 nte
499 806 767 899 antiquissimos
784 810 924 876 tantam
951 814 1074 877 eoram
1100 812 1134 876 et
1150 806 1337 879 Einhardo

246 910 483 999 coaetaneos,
525 903 735 975 Enlrardam
767 904 978 977 Faldensem
1012 908 1072 1000 qai
1109 930 1199 1001 opas
1234 931 1339 980 saum

247 1008 344 1076 circa
373 1028 506 1077 annam
533 1008 608 1079 830
632 1006 779 1098 incepit,
807 1005 1122 1101 chronopropleaai
1149 1006 1340 1079 Fontaael·

157 1188 161 1193 .
246 1106 389 1199 lensem,
421 1104 638 1200 Tleepaaum,
675 1104 898 1199 Anonymam
926 1108 1020 1177 ritae
1046 1106 1248 1180 Hladowici
1275 1131 1340 1179 aa·

248 1212 393 1299 ctorem,
414 1209 619 1278 nominasse
637 1206 805 1294 sufficiat,
826 1229 979 1301 quoram
996 1212 1070 1279 tres
1082 1207 1211 1279 Karoli
1230 1210 1339 1280 ailam

248 1308 494 1399 ecscripsisse,
538 1306 740 1401 Thepaaum
775 1330 854 1377 earn
887 1306 1013 1378 saltem
1049 1310 1226 1380 imitatam
1252 1332 1339 1401 esse,

247 1430 315 1499 pro
343 1406 530 1501 euplorato
557 1406 738 1478 habemas.
793 1406 947 1478 Saeculo
981 1432 1077 1480 nono
1104 1409 1219 1480 medio
1246 1409 1340 1480 llao-

249 1506 370 1591 dolfus
396 1507 582 1579 Faldensis
608 1506 808 1578 monachas
841 1509 877 1578 in
904 1508 1056 1580 historio
1091 1509 1341 1581 translationis

251 1607 287 1679 S.
314 1606 510 1679 Alexandri
542 1606 700 1703 plurima
740 1608 822 1679 inde
862 1615 1045 1680 rnedaotas
1082 1616 1151 1699 est,·
1190 1609 1341 1694 Arnallo

250 1730 351 1801 repe,
389 1716 534 1800 poetam
567 1707 748 1779 Sananern
783 1710 892 1778 uitam
926 1711 1085 1780 uersilras
1115 1713 1340 1804 expressisse,

251 1814 285 1878 et
309 1808 453 1879 saeculo
481 1808 690 1879 duodecimo
717 1807 935 1879 Radeaicam
962 1811 998 1878 in
1016 1808 1207 1881 Friderico
1233 1813 1340 1904 impe-

251 1914 374 1979 ratore
401 1908 623 2004 depiapeado
658 1931 738 1979 enm
772 1932 864 2001 prae
898 1908 1010 1980 oculis
1042 1908 1228 2001 habuisse,
1269 1913 1340 1981 iam

251 2014 359 2081 antea
386 2009 453 2080 oiri
479 2009 574 2081 docti
600 2015 825 2080 monuerant.

633 2154 959 2167 ———-—-—-—-—

351 2216 460 2291 Alteri
477 2218 582 2291 lilrelli
600 2220 718 2290 enimii
743 2218 888 2291 editioni
913 2217 1126 2313 sabianpere
1152 2218 1234 2289 lilret
1260 2242 1342 2289 car·

252 2322 351 2390 mina
378 2320 549 2391 nonnulla
584 2320 772 2391 historiam
799 2318 927 2390 Karoli
953 2317 1079 2413 Mopni
1110 2318 1341 2391 illustrantia.

254 2420 412 2506 Quorum
440 2420 579 2516 quidem
605 2422 759 2513 primam
787 2417 831 2489 de
859 2420 1009 2489 uictoria
1028 2419 1168 2513 Pippiai
1185 2418 1342 2492 Aaorica

252 2521 340 2589 anni
358 2523 442 2610 796,
471 2543 655 2615 nitriquom
674 2525 784 2590 antea
812 2518 944 2589 editam
962 2540 1006 2589 ec
1023 2518 1145 2591 codice
1164 2520 1343 2592 bibliothe-

156 2636 161 2641 ·
252 2643 317 2690 cae
336 2618 468 2714 Repioe
485 2618 727 2692 Berolineasis
745 2620 1344 2714 circaannan1800ecaratopro-

249 2744 358 2814 pono.
410 2719 551 2791 Paulini
576 2742 699 2791 versas
725 2722 762 2790 in
786 2718 919 2790 obitam
946 2719 1045 2790 Erici
1070 2719 1170 2792 dacis
1194 2722 1343 2793 Foroiu-

251 2819 328 2891 lemi
363 2844 398 2891 n.
427 2822 499 2894 799
534 2844 647 2914 prope
678 2820 904 2893 Tarsaticam
938 2820 1047 2891 occisi
1079 2843 1150 2914 ope,
1180 2822 1342 2893 coelicam

251 2922 444 2991 Beraeasis
476 2927 510 2992 et
534 2920 749 2992 Porisiensis
778 2920 965 2992 emendavi
970 2948 985 3012 ,-
1019 2918 1191 2991 Planctus
1215 2922 1344 2993 Karoli

253 3044 296 3092 en
319 3020 500 3092 codicibus
524 3020 730 3113 Veronensi,
756 3021 954 3092 Porisiensi
980 3026 1015 3091 el
1033 3020 1256 3093 Bruxellensi
1282 3024 1343 3093 ite·

253 3144 331 3191 ram
350 3121 471 3214 prodit
478 3148 493 3213 ,-
520 3144 668 3193 carmen
687 3120 730 3193 de
749 3120 885 3193 Sancto
903 3120 1060 3213 Karolo,
1096 3123 1171 3193 cias
1197 3126 1345 3193 canoni·

252 3224 392 3293 salione
408 3223 598 3315 posterius,
626 3245 649 3292 a
670 3220 869 3293 Boelsmero
887 3226 1012 3293 nostro
1031 3244 1075 3292 en
1092 3222 1213 3294 codice
1232 3224 1346 3295 Fron-

253 3322 450 3405 cafurteasi
467 3323 743 3416 transscriptam
761 3323 907 3394 sistitur.

357 3549 495 3621 Tertiae
522 3536 667 3622 editioni
697 3550 889 3644 imapiaem
907 3548 1037 3621 Karoli
1063 3552 1157 3646 repis
1179 3554 1346 3645 praefici,

253 3649 398 3746 qeeedem
424 3650 574 3723 clarrtae
596 3674 665 3745 pro
692 3651 911 3721 raonnsterio
937 3651 1055 3722 sancti
1082 3650 1245 3745 Dionysii
1274 3650 1347 3723 edi·

253 3760 313 3823 tae
341 3751 554 3843 impressam
589 3754 625 3823 in
647 3749 830 3822 tabulario
856 3750 1001 3845 publico
1026 3751 1223 3825 Parisieasi
1250 3774 1346 3823 ariao

153 3925 156 3931 ,
257 3853 352 3925 1827
368 3851 440 3925 vidi
454 3856 560 3947 atque
571 3853 702 3945 pictori
716 3850 952 3945 optimatum.
970 3851 1140 3924 Mauritio
1153 3852 1347 3947 Rupendas

254 3951 509 4024 delineandam
528 3952 666 4023 tradidi

356 4052 502 4124 Dabam
528 4052 688 4125 Beroliai
718 4053 754 4122 in
784 4049 1002 4126 Bibliotheca
1034 4051 1144 4147 Repia
1175 4051 1349 4125 Kalendis

254 4152 465 4225 Novembris
483 4178 517 4225 a.
542 4154 649 4227 1862.
