3025 4909
596 414 867 487 PRAEFATIO.
1239 412 1275 466 ΧΙ

187 624 221 688 et
246 614 403 687 Merrtino
431 614 567 685 Potono
595 616 765 707 exceptis,
799 621 851 686 tot
877 612 1018 685 codices
1043 619 1183 707 ectare,
1212 638 1277 686 nee

188 719 397 811 cuiusquam
418 739 537 786 eorum
557 716 692 809 scripta
711 718 762 787 ita
781 716 944 786 certatim
963 714 1010 783 ab
1035 713 1199 785 omnibns
1216 718 1277 810 qui

188 817 334 888 saecuta
355 840 398 886 en
414 818 617 910 altiperunt,
638 816 806 909 decerpta
821 839 897 887 esse
910 816 1143 887 meminimus.
1178 815 1274 888 Lau·

186 916 241 989 dis
264 919 339 987 eius
361 922 500 1008 partem
523 915 671 1009 Karolo,
695 921 836 1009 partem
855 915 922 985 sibi
938 914 1146 987 Einbnrdns
1164 916 1274 989 debet.

188 1016 284 1088 Sane
302 1040 366 1087 nec
383 1016 535 1087 saeculis
548 1019 712 1109 proxime
732 1015 1018 1089 antecedentibus
1041 1039 1105 1087 nee
1129 1040 1274 1111 sequen·

187 1118 277 1188 tibus
308 1116 511 1189 historicum
544 1119 734 1209 inueneris,
774 1117 835 1211 qui
870 1139 913 1185 ea
945 1117 1199 1208 capitationum
1228 1119 1272 1209 oi,

188 1216 353 1289 claritate
383 1220 655 1309 sententiarum,
692 1240 805 1311 euque
835 1215 975 1287 dicendi
1005 1221 1084 1288 arte
1113 1216 1272 1287 excellat.

187 1318 316 1410 Debuit
337 1316 376 1388 id
400 1316 518 1387 studio
536 1317 799 1408 Rorrranorum,
827 1316 1006 1412 Ciceronis
1030 1318 1223 1409 praecipue
1241 1323 1276 1388 et

188 1416 358 1511 Suetonii,
387 1441 486 1511 quem
507 1419 697 1488 intantum
718 1416 821 1487 cordi
836 1416 980 1507 lrabuit,
1008 1423 1047 1487 ut
1068 1438 1139 1487 non
1157 1416 1272 1490 solurn

187 1519 303 1610 aperis
331 1518 595 1610 dispositionem
621 1516 736 1588 sedet
760 1517 920 1609 intepras
947 1515 1049 1587 baud
1079 1539 1167 1587 raro
1197 1540 1274 1589 sen-

186 1620 316 1690 tentias
342 1616 423 1688 inde
450 1624 633 1689 mutuatus
664 1642 737 1689 esse
764 1616 877 1687 videri
899 1619 1023 1709 possit.
1074 1616 1216 1689 Primus
1243 1622 1275 1691 ei

188 1724 270 1789 ante
302 1717 424 1790 oeulos
455 1718 686 1810 versabatur,
727 1741 829 1812 quem
858 1715 1018 1788 Karalus
1048 1718 1157 1800 tactis
1187 1742 1273 1814 quo·

188 1818 384 1895 dannnoda
403 1824 635 1913 aequauerat,
657 1817 876 1890 Octauianus
893 1815 1084 1911 Aupnstus,
1104 1826 1136 1889 et
1157 1818 1272 1906 Titus,

187 1920 252 1990 sed
276 1942 340 1989 nec
361 1919 533 1989 Tiberium
560 1918 790 1990 Claudianae
817 1924 1034 2010 aspernatus
1060 1924 1120 1989 est.
1176 1918 1274 1991 Unde

187 2019 358 2090 nonnulla
377 2020 495 2112 operis
513 2017 614 2110 toea,
647 2021 746 2092 varie
765 2020 926 2111 opilata,
953 2018 1064 2092 lucem
1084 2020 1273 2112 accipiunt,

188 2144 216 2190 e.
235 2144 267 2213 p.
296 2120 393 2215 quod
419 2144 498 2213 cap.
518 2122 551 2191 4.
576 2119 676 2211 dicit,
705 2144 742 2189 se
773 2118 815 2189 de
839 2120 1024 2190 nativitate
1055 2125 1089 2189 et
1117 2120 1273 2203 infantia

188 2219 242 2290 ael
259 2222 367 2293 etlam
389 2222 541 2312 pueritia
560 2218 689 2291 Karoli
712 2242 778 2291 nec
802 2221 943 2309 scriptis
968 2242 1033 2289 nee
1058 2216 1184 2288 auditu
1210 2218 1274 2290 ali·

188 2320 273 2415 quid
295 2322 476 2413 percipere
498 2321 666 2411 potuisse.
737 2320 836 2391 Certe
863 2318 986 2411 qualia
1014 2317 1205 2390 Suetonius
1231 2320 1274 2391 de

190 2420 406 2491 Caesaribus
424 2417 600 2489 nonnullis
619 2417 780 2510 tradidit,
808 2416 934 2488 tatium
955 2417 998 2489 de
1017 2417 1154 2489 Karoia
1174 2443 1217 2493 ec
1235 2419 1273 2491 li-

189 2522 261 2592 bris
279 2519 404 2591 saltem
423 2518 702 2591 hauriendorum
722 2518 883 2602 facultas
897 2517 1084 2589 Elabardo
1102 2542 1172 2591 non
1191 2545 1273 2613 sup-

119 2613 122 2622 ’
187 2622 346 2713 petebam
374 2642 481 2714 quam
501 2626 619 2691 tarnen
638 2621 683 2689 ob
702 2642 853 2691 causam
873 2621 1105 2691 recentiorum
1128 2620 1273 2714 quidam

189 2724 321 2792 acriter
338 2723 373 2791 in
392 2743 470 2792 enm
497 2722 622 2793 innecti
645 2727 745 2813 sunt,
775 2719 818 2791 de
835 2718 973 2791 Korolo
1002 2742 1097 2791 ernno
1116 2722 1188 2795 754
1216 2746 1273 2798 eo·

190 2829 320 2893 sonato
338 2822 404 2893 sibi
422 2827 590 2897 constare
606 2820 774 2915 plorimi,
792 2818 889 2915 quod
905 2844 969 2891 nec
982 2819 1204 2892 Einbardnm
1224 2825 1274 2917 ip-

190 2946 357 3013 norasse,
387 2924 522 2993 utinam
547 2945 590 2993 ec
615 2921 806 2993 irnnrrlibus
828 2923 878 2991 eis
902 2920 1037 2993 discere
1062 2921 1274 2995 uoluissent!

190 3022 245 3093 Ec
259 3022 363 3095 Pauli
381 3022 536 3095 Diaconi
553 3020 667 3093 libello
686 3021 730 3093 de
748 3022 922 3114 episcopis
939 3019 1168 3094 Mettensibus
1184 3047 1275 3115 paru

190 3147 255 3206 aas
273 3126 466 3195 sententias
485 3126 520 3191 in
538 3121 664 3193 librum
682 3145 786 3191 suum
802 3123 940 3214 recepit.
981 3121 1026 3193 Ut
1038 3130 1155 3194 autern
1171 3146 1273 3195 nemo

191 3222 282 3295 alios
310 3226 450 3315 impune
481 3224 659 3314 imitatur,
697 3225 747 3293 ita
779 3220 1003 3293 Einburdum
1035 3245 1174 3317 quoque
1202 3246 1273 3296 uno

192 3323 347 3394 utterooe
365 3323 443 3395 loeo
464 3325 538 3393 eius
557 3323 608 3392 rei
623 3344 762 3415 poenas
786 3321 943 3413 dedisse,
970 3319 1072 3393 tiaerd
1095 3322 1274 3415 diffitear,-

192 3445 254 3492 nea
281 3426 377 3493 omni
404 3425 532 3494 annisu
559 3422 597 3493 id
622 3423 753 3515 effecit,
782 3428 820 3493 ut
846 3424 983 3516 antiqui
1006 3422 1113 3513 plane
1139 3446 1273 3495 sermo·

192 3524 246 3593 nis
273 3546 419 3615 compos
442 3527 556 3614 fieret,
592 3524 719 3615 qnippe
744 3523 803 3619 qui
827 3522 881 3592 vel
909 3528 1038 3593 eontra
1066 3528 1277 3616 prammati-

190 3647 271 3694 carn
305 3622 516 3716 aliquotiens
542 3625 753 3717 peccauerit.
805 3620 859 3693 De
889 3646 958 3717 quo
994 3621 1093 3692 nulla
1124 3623 1279 3718 amplius

192 3724 367 3796 dubitatio
402 3722 518 3793 locum
551 3722 681 3795 babere
714 3728 845 3817 potest,
890 3745 996 3817 quum
1036 3746 1168 3795 nouam
1203 3725 1277 3797 iam

192 3823 378 3897 editionem
397 3826 586 3917 senopinta
606 3823 769 3895 codicum
789 3825 1098 3917 ope'instituerim,
1127 3849 1276 3919 quorum

192 3928 365 3997 maiorem
395 3929 533 4015 partem
566 3925 601 3994 in
633 3925 867 4013 Germaniae,
903 3924 1049 4018 italiae,
1084 3924 1277 4018 Heluetiae,

193 4025 317 4121 Belpii,
345 4022 495 4115 Galliae,
524 4024 736 4097 Britanniae
764 4024 978 4096 bibliothecis
996 4027 1140 4119 ipsemet
1157 4024 1280 4099 evolvi.

297 4122 471 4197 Einburdi
496 4120 650 4217 libellus,
686 4149 770 4196 moa
801 4131 839 4196 ut
862 4124 1015 4218 prodiit,
1051 4128 1183 4221 inpenti
1207 4152 1281 4199 om-

193 4226 287 4295 nium
318 4226 496 4320 applausu
526 4231 708 4317 exceptus,
737 4233 771 4296 et
796 4227 841 4295 ub
868 4225 1045 4298 historicis
1070 4227 1130 4320 qni
1156 4226 1283 4301 Karoli
